2028 3198
0 0 713 65 &vg-*ww-„T-w,v
773 0 906 31 4--
1139 0 1145 2 .
1199 8 1202 9 ε

6 103 12 107 ’
102 146 158 193 2⁷
676 124 1227 188 ΑΛΚΙΒῚΑΛΗΣ.
1357 184 1361 186 ,
1681 135 1784 187 297

241 280 359 330 ΛΑ.
416 279 487 330 Τι’
501 273 575 345 δ’,
597 278 648 330 εἰ
662 271 740 328 τῶ
756 276 1092 342 Περικλέους
1111 274 1225 329 υίέε
1242 270 1444 345 ἠλιθίω
1462 274 1783 343 ἐγενέσθην,
1812 280 1848 320 Ε

104 351 148 413 ῶ
167 358 494 427 Σῶκρατες;

243 445 368 496 ΣΩ.
417 437 580 495 Ἀλλὰ
598 444 863 494 Κλεινίαν
883 436 981 493 τόν
1004 440 1107 493 σὸν
1126 436 1391 508 ἀδελφόν.

242 528 360 578 ΑΛ.
420 528 491 578 Τί
513 521 568 577 δ’
596 518 669 578 ἂν
701 515 774 576 αὖ
792 526 1057 577 Κλεινίαν
1075 523 1281 592 λέγοις,
1322 520 1664 591 μαινόμενον
1684 517 1790 575 ἅν-

100 612 364 674 θρωπον;

242 693 368 744 ΣΩ.
420 686 632 759 Ἐπειδὴ
665 694 857 743 τοίνυν
884 691 1142 751 Κλεινίας
1169 686 1271 758 μὲν
1307 693 1554 757 μαίνεται
1568 728 1582 756 ,
1622 685 1699 741 τῶ
1730 687 1788 740 δὲ

99 772 440 840 Περικλέους
468 772 581 825 υἱέε
610 768 811 840 η’λιθίω
830 771 1161 839 ἐγενέσθην,
1199 771 1285 825 σοὶ
1303 779 1425 826 τίνα
1449 773 1628 824 αἰτίαν
1649 766 1788 823 ἀνα-

101 857 322 923 θῶμεν,
346 850 418 906 δι’
447 851 481 907 ὅ
502 874 553 907 τι
573 868 634 907 σε
655 851 833 916 οὕτως
851 855 1044 921 ἔχοντα
1064 860 1296 926 περιορᾷ
1308 877 1322 919 ;

244 941 363 990 ΑΛ.
413 934 551 1005 'Eyco'
564 977 580 1004 ‚
598 934 749 1005 οἶμαι
762 976 777 1003 ,
799 942 970 997 αἴτιος
987 930 1056 987 οὐ
1076 935 1361 1003 προσέχων
1381 932 1481 988 τὸν
1500 939 1654 988 νοῦν.

243 1021 368 1072 ΣΩ.
418 1014 581 1072 Ἀλλὰ
599 1023 715 1071 τῶν
732 1015 917 1071 ἄλλων
941 1014 1254 1086 Ἀθηναίων
1275 1012 1310 1089 ἦ
1330 1023 1442 1072 τῶν
1464 1020 1638 1083 ξένων
1657 1020 1792 1072 δοῦ-
1821 1030 1907 1074 110

103 1106 204 1154 λον
239 1095 277 1169 ἦ
313 1099 617 1167 ἐλεύθερον
655 1101 774 1155 εἰπέ
785 1141 800 1167 ,
841 1096 992 1163 ὅστις
1022 1104 1201 1155 αἰτίαν
1229 1104 1333 1170 ἔχει
1363 1096 1451 1154 διὰ
1483 1099 1586 1171 τήν
1616 1104 1788 1168 Περι-

103 1183 297 1246 κλέους
325 1187 631 1236 συνουσίαν
652 1181 970 1250 σοφῶτερος
999 1183 1314 1251 γεγονέναι,
1356 1179 1540 1251 ὥσπερ
1559 1181 1663 1252 ἐγω
1686 1186 1788 1252 ἔχω

103 1281 190 1318 σοι
228 1267 401 1319 εἰπεῖν
438 1262 528 1317 διὰ
567 1261 670 1332 τὴν
707 1261 967 1332 Ζήνωνος
997 1263 1354 1334 Πυθόδωρον
1387 1263 1488 1319 τὸν
1511 1262 1788 1336 Ἰσολόχου

102 1348 191 1401 καὶ
213 1351 458 1400 Καλλίαν
476 1342 575 1399 τὸν
595 1343 916 1399 Καλλιάδου
929 1387 942 1412 ,
976 1339 1058 1401 ῶν
1076 1347 1330 1416 ἑκάτερος
1349 1346 1570 1419 Ζήνωνι
1590 1345 1790 1404 ἑκατὸν

102 1434 244 1498 μνᾶς
262 1428 482 1490 τελέσας
500 1427 675 1495 σοφός
693 1446 749 1480 τε
769 1427 859 1481 καὶ
879 1428 1165 1499 ἐλλόγιμος
1185 1431 1431 1499 γέγονεν.

243 1515 361 1564 ΑΛ.
416 1506 578 1564 Ἀλλὰ
597 1508 673 1578 μά
695 1506 793 1564 Δί’
813 1507 917 1564 οὐκ
942 1514 1057 1581 ἔχω.

246 1596 367 1646 ΣΩ.
423 1589 555 1646 Εἶεν
571 1611 581 1621 ·
601 1595 658 1645 τί
673 1584 778 1645 οὖν
798 1595 1010 1648 διανοεῖ
1026 1596 1147 1662 περὶ
1169 1602 1380 1650 σαυτοῦ
1392 1620 1404 1660 ;
1431 1595 1671 1666 πότερον
1690 1597 1790 1668 έᾴν

106 1671 177 1739 ὡς
196 1679 304 1728 νῦν
324 1678 484 1743 ἔχεις,
513 1667 548 1742 ἢ
569 1672 878 1743 ἐπιμέλειάν
896 1696 1019 1728 τινα
1039 1684 1346 1743 ποιεῖσθαι;

244 1762 356 1813 XV.
429 1762 546 1810 AA.
602 1756 778 1827 Κοινὴ
799 1757 1003 1827 βουλή,
1025 1750 1068 1812 ῶ
1087 1758 1395 1828 Σώκρατες.
1417 1764 1593 1815 καίτοι
1612 1761 1789 1816 ἐννοῶ
1817 1777 1851 1817 Β

105 1857 210 1895 σου
229 1837 477 1903 εἰπόντος
494 1841 582 1893 καὶ
604 1846 886 1910 συγχωρῶ.
925 1843 1151 1895 δοκοῦσι
1171 1842 1278 1911 γάρ
1299 1863 1391 1912 μοι
1412 1845 1468 1897 οἱ
1482 1839 1548 1897 τὰ
1569 1847 1665 1913 τῆς
1685 1841 1790 1898 πό-

104 1929 240 1987 λεως
257 1922 588 1990 πράττοντες
606 1921 757 1986 ἐκτὸς
775 1919 977 1990 ὀλίγων
997 1920 1314 1979 ἀπαίδευτοι
1337 1922 1492 1979 εἶναι.

245 2008 371 2059 ΣΩ.
426 2001 562 2059 Εἶτα
581 2009 636 2059 τί
651 2002 717 2073 δὴ
739 2010 931 2070 τοῦτο;

0 2095 4 2123 '
246 2092 364 2144 AA.
423 2090 495 2141 Εἰ
510 2088 614 2156 μέν
643 2106 755 2142 που
783 2080 928 2156 ἦσαν
959 2091 1412 2157 πεπαιδευμένοι,
1452 2090 1560 2142 ἔδει
1589 2081 1661 2141 ἂν
1689 2084 1791 2143 τὸν

20 2219 25 2226 ,
106 2171 481 2239 ἐπιχειροῦντα
510 2166 696 2233 αὐτοῖς
721 2166 1190 2238 ἀνταγωνίζεσθαι
1217 2169 1473 2240 μαθόντα
1495 2171 1584 2224 καὶ
1611 2167 1786 2241 ἀσκή-

16 2248 35 2331 ξ
105 2268 278 2306 σαντα
298 2251 435 2306 ἰέναι
460 2246 533 2314 ῶς
552 2247 630 2304 ἐπ’
652 2246 922 2319 ἀθλητάς·
944 2257 1052 2305 νῦν
1071 2247 1115 2304 δ’
1138 2248 1323 2321 ἐπειδὴ
1345 2251 1434 2306 καὶ
1456 2244 1611 2307 οὗτοι
1631 2254 1789 2308 ἰδιω-

16 2339 36 2404 -f
103 2340 266 2399 τικῶς
280 2337 492 2404 ἔχοντες
512 2333 853 2403 ἐληλύθασιν
870 2334 960 2388 ἐπὶ
979 2330 1045 2387 τά
1065 2338 1160 2403 τῆς
1180 2333 1407 2403 πόλεως,
1429 2339 1485 2389 τί
1500 2337 1586 2390 δεῖ
1599 2331 1789 2390 ἀσκεῖν

23 2427 41 2459 ἰ
107 2417 196 2471 καὶ
212 2413 574 2486 μανθάνοντα
594 2413 860 2486 πράγματ’
884 2419 1052 2486 ἔχεως
1074 2412 1176 2483 ἐγώ
1200 2411 1308 2484 γὰρ
1329 2407 1392 2470 εὖ
1414 2413 1534 2471 οἶδα
1553 2414 1636 2471 ὅτι
1654 2416 1789 2472 τού-

24 2532 43 2542 ·
107 2519 220 2553 των
239 2502 304 2569 τῇ
325 2517 384 2566 γε
405 2496 571 2566 φύσει
590 2497 741 2551 πάνυ
761 2496 904 2552 πολὺ
925 2498 1258 2567 περιέσομαι.
1819 2509 1851 2551 C

29 2572 36 2579 ⁸
248 2585 371 2635 ΣΩ.
427 2583 631 2650 Βαβαί,
653 2576 799 2646 οἷον,
822 2573 867 2635 ὦ
887 2578 1089 2649 ἄριστε,
1110 2577 1263 2635 τοῦτ’
1288 2586 1532 2650 εἴρηκας·
1557 2576 1627 2644 ὠς
1647 2576 1786 2634 ἄνοι’-

106 2666 223 2728 ξιον
238 2669 332 2733 τῆς
350 2665 495 2727 ἰδέας
515 2662 603 2718 καὶ
623 2668 736 2717 τῶν
753 2661 938 2717 ἄλλων
959 2666 1072 2716 τῶν
1093 2677 1179 2717 σοι
1198 2659 1580 2731 ὑπαρχόντων.

244 2750 362 2801 AA.
426 2750 494 2799 Τί
518 2745 751 2815 μάλιστα
782 2746 869 2799 καὶ
901 2743 1039 2815 πρὸς
1071 2751 1127 2800 τί
1148 2751 1313 2801 τοῦτο
1333 2748 1531 2814 λέγεις,
1573 2737 1618 2799 ὦ
1655 2743 1787 2800 Σῶ-

106 2846 327 2894 apaten
