2028 3198
123 143 176 187 {7
689 130 1222 181 ΣΥΜΠΟΣΙΟΝ.
1708 126 1806 180 155

118 275 477 340 παραχρῆμα,
517 261 563 324 ω’
605 270 839 335 Φαῖδρε,
879 265 1004 333 περὶ
1026 263 1267 333 ’Ἑρωτος
1304 251 1704 338 συμβάλλομαι.
1741 298 1804 307 —

121 356 447 407 Παυσανίου
468 349 526 405 δὲ
546 349 932 416 παυσαμένου,
955 346 1289 403 διδάσκουσι·
1299 347 1405 418 γάρ
1425 368 1493 419 με
1511 355 1603 404 ἴσα
1623 350 1803 418 λέγειν

116 432 319 489 οὑτωσὶ
340 435 399 487 οἱ
407 435 590 501 σοφοί,
612 432 717 500 ἔφη
733 425 763 484 ὁ
777 425 1167 499 Ἀριστόδημος
1185 432 1302 485 δεῖν
1318 430 1421 501 μὲν
1435 426 1801 500 Ἀριστοφάνη

118 517 324 585 λέγειν,
355 523 540 583 τυχεῖν
558 514 616 567 δὲ
637 510 788 585 αὐτῷ
806 508 930 566 τινὰ
949 506 984 581 ἡ
1007 506 1114 565 ὑπὸ
1137 517 1454 582 πλησμονῆς
1471 506 1508 582 ἦ
1528 507 1637 566 ὑπό
1655 531 1805 575 τινος

118 597 296 652 ἄλλον
314 596 491 666 λύγγα
521 597 964 651 ἐπιπεπτωκυῖαν
993 594 1083 648 καὶ
1105 590 1207 662 οὐχ
1226 588 1351 647 οἷόν
1370 613 1426 647 τε
1448 590 1587 647 εἶναι
1606 594 1803 662 λέγειν,

115 676 237 734 ἀλλ’
277 681 450 733 εἰπεῖν
481 673 654 732 αὐτόν
679 708 750 717 -
781 677 842 731 ἐν
871 679 936 746 τῇ
968 673 1118 729 κάτω
1146 670 1253 742 γὰρ
1284 670 1459 728 αὐτοῦ
1488 674 1586 728 τὸν
1616 670 1804 742 ἰατρὸν
1835 687 1870 729 D

111 760 468 832 Ἐρυξίμαχον
498 767 858 816 κατακεῖσθαι
899 793 947 802 -
979 749 1043 810 Ὦ
1071 753 1410 825 Ἐρυξίμαχε,
1454 759 1664 819 δίκαιος
1694 753 1742 810 εἷ
1770 750 1804 825 ἦ

118 849 331 900 παῦσαί
361 865 427 915 με
462 849 557 913 τῆς
594 839 799 911 λυγγὸς
834 836 868 911 ἦ
906 842 1084 908 λέγειν
1122 834 1263 905 ὑπὲρ
1283 838 1446 906 ἐμοῦ,
1485 837 1586 900 ἕως
1606 833 1677 891 ἄν
1698 834 1802 906 ἐγώ

118 928 431 998 παύσωμαι.
469 926 560 981 καὶ
591 923 690 980 τὸν
715 921 1068 993 Ἐρυξίμαχον
1101 925 1273 977 εἰπεῖν
1290 918 1447 976 Ἀλλά
1469 919 1680 991 ποιήσω
1700 918 1807 990 άμ-

119 1009 329 1081 φότερα
367 1013 556 1064 ταῦτα.
596 1002 701 1075 ἐγώ
732 1004 836 1075 μὲν
864 1003 971 1075 γὰρ
1002 1007 1109 1072 ἐρῶ
1138 1005 1200 1059 ἐν
1230 1009 1308 1078 τῷ
1337 1008 1419 1076 σῷ
1436 1004 1614 1074 μέρει,
1655 1000 1726 1057 σύ
1750 1000 1800 1056 δ’

115 1089 340 1147 ἐπειδὰν
359 1090 573 1161 παύσῃ,
611 1091 673 1143 ἐν
690 1093 765 1158 τῷ
785 1090 923 1162 ἐμῷ·
955 1087 1017 1142 έν
1037 1078 1084 1159 ᾦ
1104 1083 1155 1141 δ’
1177 1081 1248 1140 ὅὶν
1269 1081 1374 1156 ἐγώ
1397 1085 1539 1155 λέγω
1554 1125 1567 1150 ,
1590 1080 1690 1139 ἐὰν
1707 1086 1807 1154 μέν
1827 1083 1932 1139 ν’)υωὲ
1971 1086 2028 1141 (511

118 1190 210 1229 σοι
248 1175 412 1243 ἐθέλῃ
459 1168 723 1226 ἀπνευστὶ
771 1173 948 1240 ἔχοντι
985 1167 1167 1224 πολὺν
1203 1168 1411 1238 χρόνον
1454 1166 1735 1223 παύεσθαι
1771 1163 1803 1237 ἡ

122 1255 281 1324 λύγξ·
325 1258 375 1309 εί
405 1253 462 1309 δὲ
491 1252 596 1324 μή,
636 1250 797 1307 ὕδατι
830 1249 1325 1322 άνακογχυλίασον.
1367 1255 1416 1307 εἰ
1441 1248 1492 1306 δ’
1521 1247 1628 1320 ἄρα
1651 1250 1801 1305 πάνυ
1834 1261 1862 1302 Β

124 1337 321 1408 ἰσχυρά
342 1339 517 1406 ἐστιν,
549 1334 849 1405 ἀναλαβών
878 1356 929 1389 τι
947 1340 1203 1390 τοιοῦτον
1222 1337 1319 1408 οἴςο
1340 1332 1590 1406 κινήσαις
1610 1329 1683 1388 ἂν
1702 1330 1804 1403 τὴν

118 1422 271 1491 ῥῖνα,
309 1418 504 1488 πτάρε·
543 1419 634 1473 καὶ
667 1415 768 1473 ἐὰν
797 1421 961 1472 τοῦτο
991 1416 1222 1489 ποιήσῃς
1251 1415 1394 1481 ἅπαξ
1423 1410 1456 1486 ἢ
1492 1418 1601 1484 δίς,
1640 1415 1728 1468 καὶ
1761 1418 1810 1468 εί

119 1504 270 1559 πάνυ
305 1501 500 1574 ἰσχυρά
539 1503 678 1568 ἐστι,
715 1498 999 1555 παύσεται.
1079 1496 1199 1555 Οὐκ
1229 1494 1301 1554 ἂν
1330 1497 1575 1568 φθάνοις
1610 1498 1805 1567 λέγων,

120 1587 295 1656 φάναι
314 1582 792 1655 τόνἈριστοφάνη
811 1604 822 1614 ·
843 1580 949 1652 έγιό
972 1584 1219 1638 δὲταῦτα
1239 1580 1468 1652 ποιήσω.

263 1672 368 1723 xn.
437 1670 629 1722 Εἰπεῑν
649 1663 714 1736 δὴ
747 1663 847 1720 τὸν
874 1664 1251 1738 Ἐρυξίμαχον,
1292 1672 1469 1720 Δοκεῖ
1494 1669 1687 1718 τοίνυν
1716 1683 1808 1733 μοι.

120 1748 426 1819 ἀναγκαῖον
445 1746 611 1817 εἶναι,
654 1746 838 1819 ἐπειδὴ
861 1754 1184 1814 Παυσανίας
1203 1747 1450 1820 ὁρμήσας
1479 1747 1564 1803 ἐπὶ
1587 1744 1688 1802 τὸν
1706 1744 1806 1801 λό-

121 1853 227 1902 γον
263 1838 445 1896 καλῶς
479 1829 582 1902 οὐχ
622 1834 826 1896 ἱκανῶς
863 1830 1179 1902 ἀπετέλεσε,
1221 1834 1337 1886 δεῖν
1374 1828 1465 1901 ἐμὲ
1502 1834 1807 1896 πειρᾶσθαι
1838 1845 1921 1889 186

120 1917 272 1979 τέλος
299 1916 574 1969 ἐπιθεῖναι
602 1919 677 1987 τῷ
709 1912 870 1986 λόγῳ.
913 1912 974 1968 τὸ
1008 1912 1110 1984 μὲν
1139 1911 1246 1984 γὰρ
1279 1916 1518 1969 διπλοῦν
1545 1910 1685 1967 εἶναι
1705 1910 1804 1966 τὸν

111 1996 316 2066 Ἔρωτα
341 1999 493 2052 δοκεῖ
516 2018 609 2067 μοι
638 2003 818 2061 καλῶς
839 1996 1152 2052 διελέσθαι·
1190 1993 1275 2051 ὅτι
1294 1995 1352 2050 δὲ
1372 1993 1440 2050 οὐ
1457 1994 1636 2065 μόνον
1656 1995 1804 2049 ἐστὶν
1879 2060 1882 2061 ⁷

118 2081 207 2135 ἐπὶ
234 2091 351 2144 ταῖς
382 2091 575 2150 ψυχαῖς
601 2087 716 2136 τῶν
745 2078 1070 2148 ἀνθρώπων
1099 2076 1237 2145 πρὸς
1266 2075 1394 2142 τούς
1425 2075 1631 2141 καλούς
1664 2074 1802 2132 ἀλλά

118 2163 210 2217 καὶ
240 2159 378 2231 πρὸς
406 2162 543 2218 ἄλλα
572 2161 747 2220 πολλὰ
779 2163 869 2218 καὶ
901 2164 962 2218 έν
991 2169 1103 2223 τοῖς
1130 2158 1342 2227 ἄλλοις,
1363 2169 1475 2223 τοῖς
1501 2180 1559 2214 τε
1591 2158 1805 2229 σώμασι

118 2248 232 2297 τῶν
267 2242 495 2299 πάντων
532 2244 687 2310 ζώων
723 2247 814 2300 καὶ
847 2255 959 2308 τοῖς
991 2243 1051 2296 ἐν
1079 2245 1145 2312 τῇ
1173 2246 1244 2311 γῇ
1276 2243 1578 2311 φυομένοις
1606 2243 1695 2297 καὶ
1732 2237 1804 2306 ὠς

118 2328 247 2388 ἔπος
267 2328 439 2379 εἰπεῖν
458 2327 519 2381 ἐν
538 2331 672 2381 πᾶσι
692 2338 803 2390 τοῖς
825 2319 951 2379 οὖσι
965 2366 980 2394 ,
1017 2325 1437 2391 καθεωρακέναι
1462 2345 1555 2394 μοι
1577 2326 1725 2379 δοκῶ
1744 2326 1801 2378 ἐκ

117 2413 213 2476 τῆς
233 2411 493 2477 ἰατρικῆς,
514 2413 609 2478 τῆς
638 2404 902 2479 ἡμετέρας
919 2407 1135 2477 τέχνης,
1176 2402 1251 2470 ὠς
1270 2408 1437 2477 μέγας
1468 2409 1555 2463 καὶ
1577 2414 1805 2477 θαυμα-

118 2488 213 2543 στό
204 2511 247 2584 9
280 2489 369 2544 καὶ
400 2489 486 2545 ἐπὶ
522 2509 638 2545 παν
666 2487 695 2544 ὁ
727 2489 861 2554 θεὸς
892 2494 1055 2544 τείνει
1084 2489 1174 2544 καὶ
1204 2485 1326 2544 κατ’
1358 2485 1692 2557 ἀνθρώπινα
1714 2491 1804 2545 καὶ
1835 2502 1867 2543 Β

117 2569 253 2627 κατὰ
275 2578 402 2626 θεῖα
423 2570 732 2641 πράγματα.
768 2571 999 2642 αρξομαι
1021 2572 1079 2626 δὲ
1098 2568 1206 2626 άπὸ
1230 2577 1323 2642 τῆς
1341 2575 1587 2641 ἰατρικῆς
1607 2573 1799 2640 λέγων,

114 2655 205 2709 ἵνα
226 2654 315 2709 καὶ
338 2652 730 2724 πρεσβεύωμεν
746 2653 847 2723 τήν
867 2656 1075 2724 τέ.χνην
1112 2649 1147 2724 ἡ
1164 2651 1270 2722 γὰρ
1290 2651 1459 2723 φύσις
1479 2673 1592 2706 των
1612 2650 1802 2720 σωμά-

116 2756 229 2790 των
265 2733 364 2790 τόν
401 2737 637 2790 διπλοῦν
661 2731 871 2802 Ἔρωτα
901 2741 1102 2791 τοῦτον
1133 2733 1350 2806 ἔχει.τὸ
1384 2735 1491 2805 γὰρ
1522 2731 1671 2803 ὑγιὲς
1699 2740 1802 2788 τοῦ

117 2817 367 2881 σώματος
404 2818 493 2873 καὶ
531 2818 591 2872 τό
639 2823 849 2873 νοσοῦν
897 2815 1350 2890 ὁμολογουμένως
1387 2817 1579 2887 ἕτερόν
1612 2838 1670 2873 τε
1708 2818 1800 2873 καὶ
