<?xml version="1.0" encoding="UTF-8"?>
<!DOCTYPE html PUBLIC "-//W3C//DTD XHTML 1.0 Transitional//EN"
    "http://www.w3.org/TR/xhtml1/DTD/xhtml1-transitional.dtd">
<html xmlns="http://www.w3.org/1999/xhtml" xml:lang="en" lang="en">
 <head>
  <title>
</title>
<meta http-equiv="Content-Type" content="text/html;charset=utf-8" />
  <meta name='ocr-system' content='tesseract 3.04.00' />
  <meta name='ocr-capabilities' content='ocr_page ocr_carea ocr_par ocr_line ocrx_word'/>
</head>
<body>
  <div class='ocr_page' id='page_1' title='image "./dialogisecumdumt02platuoft_0347.png"; bbox 0 0 2028 3198; ppageno 0'>
   <div class='ocr_carea' id='block_1_1' title="bbox 0 2195 20 2553">
    <p class='ocr_par' dir='ltr' id='par_1_1' title="bbox 0 2195 20 2553">
     <span class='ocr_line' id='line_1_1' title="bbox 0 2195 20 2553; textangle 90"><span class='ocrx_word' id='word_1_1' title='bbox 0 2287 20 2553; x_wconf 45' lang='lat' dir='ltr'><em>*⁷NW··</em></span> <span class='ocrx_word' id='word_1_2' title='bbox 3 2195 5 2198; x_wconf 84' lang='grc'><strong>“</strong></span> 
     </span>
    </p>
   </div>
   <div class='ocr_carea' id='block_1_2' title="bbox 165 109 1851 168">
    <p class='ocr_par' dir='ltr' id='par_1_2' title="bbox 165 109 1851 168">
     <span class='ocr_line' id='line_1_2' title="bbox 165 109 1851 168; baseline -0.003 0"><span class='ocrx_word' id='word_1_3' title='bbox 165 119 223 168; x_wconf 75' lang='lat'><em>47</em></span> <span class='ocrx_word' id='word_1_4' title='bbox 724 113 1287 162; x_wconf 80' lang='grc' dir='ltr'><em>ΑΛΚΙΒΙΑΔΗΣ.</em></span> <span class='ocrx_word' id='word_1_5' title='bbox 1746 109 1851 163; x_wconf 83' lang='grc'><em>317</em></span> 
     </span>
    </p>
   </div>
   <div class='ocr_carea' id='block_1_3' title="bbox 168 242 1961 1139">
    <p class='ocr_par' dir='ltr' id='par_1_3' title="bbox 168 242 1961 1139">
     <span class='ocr_line' id='line_1_3' title="bbox 170 242 1852 321; baseline -0.002 -16"><span class='ocrx_word' id='word_1_6' title='bbox 170 250 311 321; x_wconf 79' lang='grc' dir='ltr'><em>πρὸς</em></span> <span class='ocrx_word' id='word_1_7' title='bbox 326 248 389 305; x_wconf 83' lang='grc' dir='ltr'><em>τὸ</em></span> <span class='ocrx_word' id='word_1_8' title='bbox 410 248 514 305; x_wconf 85' lang='grc' dir='ltr'><em>σὸν</em></span> <span class='ocrx_word' id='word_1_9' title='bbox 530 247 861 318; x_wconf 85' lang='grc' dir='ltr'><em>πρόσωπον,</em></span> <span class='ocrx_word' id='word_1_10' title='bbox 897 242 968 311; x_wconf 81' lang='grc' dir='ltr'><em>ὦς</em></span> <span class='ocrx_word' id='word_1_11' title='bbox 986 250 1191 316; x_wconf 79' lang='grc' dir='ltr'><em>ἔοικεν,</em></span> <span class='ocrx_word' id='word_1_12' title='bbox 1228 244 1367 302; x_wconf 74' lang='grc' dir='ltr'><em>ἀλλὰ</em></span> <span class='ocrx_word' id='word_1_13' title='bbox 1387 244 1527 318; x_wconf 83' lang='grc' dir='ltr'><em>πρὸς</em></span> <span class='ocrx_word' id='word_1_14' title='bbox 1556 243 1852 302; x_wconf 85' lang='grc' dir='ltr'><em>τόνἈλκι-</em></span> 
     </span>
     <span class='ocr_line' id='line_1_4' title="bbox 170 325 1849 404; baseline -0.004 -16"><span class='ocrx_word' id='word_1_15' title='bbox 170 332 378 404; x_wconf 76' lang='grc' dir='ltr'><em>βιᾰδην</em></span> <span class='ocrx_word' id='word_1_16' title='bbox 405 331 740 401; x_wconf 86' lang='grc' dir='ltr'><em>ποιούμενος</em></span> <span class='ocrx_word' id='word_1_17' title='bbox 762 326 894 393; x_wconf 74' lang='grc' dir='ltr'><em>τοὺς</em></span> <span class='ocrx_word' id='word_1_18' title='bbox 922 327 1150 398; x_wconf 83' lang='grc' dir='ltr'><em>λόγους·</em></span> <span class='ocrx_word' id='word_1_19' title='bbox 1187 335 1354 385; x_wconf 85' lang='grc' dir='ltr'><em>τοῦτο</em></span> <span class='ocrx_word' id='word_1_20' title='bbox 1383 327 1435 384; x_wconf 79' lang='grc' dir='ltr'><em>δ’</em></span> <span class='ocrx_word' id='word_1_21' title='bbox 1457 330 1607 385; x_wconf 82' lang='grc' dir='ltr'><em>ἐστὶν</em></span> <span class='ocrx_word' id='word_1_22' title='bbox 1627 325 1662 400; x_wconf 81' lang='grc' dir='ltr'><strong><em>ἡ</em></strong></span> <span class='ocrx_word' id='word_1_23' title='bbox 1685 326 1849 400; x_wconf 80' lang='grc' dir='ltr'><em>ψυχή.</em></span> 
     </span>
     <span class='ocr_line' id='line_1_5' title="bbox 313 411 876 483; baseline -0.004 -15"><span class='ocrx_word' id='word_1_24' title='bbox 313 419 430 469; x_wconf 83' lang='grc' dir='ltr'><em>ΑΛ.</em></span> <span class='ocrx_word' id='word_1_25' title='bbox 469 411 693 483; x_wconf 77' lang='grc' dir='ltr'><strong><em>Ἔμοιγε</em></strong></span> <span class='ocrx_word' id='word_1_26' title='bbox 711 415 876 467; x_wconf 80' lang='grc' dir='ltr'><em>δοκεῖ.</em></span> 
     </span>
     <span class='ocr_line' id='line_1_6' title="bbox 308 487 1849 565; baseline -0.002 -15"><span class='ocrx_word' id='word_1_27' title='bbox 308 499 491 552; x_wconf 82' lang='lat' dir='ltr'>xxvl.</span> <span class='ocrx_word' id='word_1_28' title='bbox 565 498 690 550; x_wconf 77' lang='grc' dir='ltr'><em>ΣΩ.</em></span> <span class='ocrx_word' id='word_1_29' title='bbox 751 494 951 565; x_wconf 78' lang='grc' dir='ltr'><em>Ψυχὴν</em></span> <span class='ocrx_word' id='word_1_30' title='bbox 982 492 1092 562; x_wconf 75' lang='grc' dir='ltr'><em>ἄρα</em></span> <span class='ocrx_word' id='word_1_31' title='bbox 1119 491 1266 565; x_wconf 81' lang='grc' dir='ltr'><strong><em>ἡμᾶς</em></strong></span> <span class='ocrx_word' id='word_1_32' title='bbox 1294 492 1509 549; x_wconf 81' lang='grc' dir='ltr'><em>κελεύει</em></span> <span class='ocrx_word' id='word_1_33' title='bbox 1527 497 1797 563; x_wconf 75' lang='grc' dir='ltr'><em>γνωρίσαι</em></span> <span class='ocrx_word' id='word_1_34' title='bbox 1818 487 1849 547; x_wconf 85' lang='grc' dir='ltr'>ὁ</span> 
     </span>
     <span class='ocr_line' id='line_1_7' title="bbox 168 574 1935 647; baseline 0 -17"><span class='ocrx_word' id='word_1_35' title='bbox 168 575 470 631; x_wconf 78' lang='grc' dir='ltr'><strong><em>ἐπιτάττων</em></strong></span> <span class='ocrx_word' id='word_1_36' title='bbox 486 582 604 647; x_wconf 91' lang='grc' dir='ltr'><em>γνῶ</em></span> <span class='ocrx_word' id='word_1_37' title='bbox 612 598 701 632; x_wconf 89' lang='grc' dir='ltr'><em>ναι</em></span> <span class='ocrx_word' id='word_1_38' title='bbox 721 574 884 632; x_wconf 81' lang='grc' dir='ltr'><em>ἑαυτό</em></span> <span class='ocrx_word' id='word_1_39' title='bbox 889 597 934 630; x_wconf 90' lang='grc' dir='ltr'><em>ν.</em></span> <span class='ocrx_word' id='word_1_40' title='bbox 1918 604 1935 619; x_wconf 74' lang='lat'>=</span> 
     </span>
     <span class='ocr_line' id='line_1_8' title="bbox 310 657 1961 714; baseline -0.001 -1"><span class='ocrx_word' id='word_1_41' title='bbox 310 663 429 713; x_wconf 85' lang='lat' dir='ltr'><em>AA.</em></span> <span class='ocrx_word' id='word_1_42' title='bbox 470 657 707 714; x_wconf 83' lang='grc' dir='ltr'><em>Ἔοικεν.</em></span> <span class='ocrx_word' id='word_1_43' title='bbox 1883 664 1961 712; x_wconf 75' lang='grc'><em>131</em></span> 
     </span>
     <span class='ocr_line' id='line_1_9' title="bbox 315 735 1851 810; baseline -0.002 -15"><span class='ocrx_word' id='word_1_44' title='bbox 315 744 441 795; x_wconf 74' lang='grc' dir='ltr'><em>ΣΩ.</em></span> <span class='ocrx_word' id='word_1_45' title='bbox 490 738 675 806; x_wconf 80' lang='grc' dir='ltr'><strong><em>Ὅστις</em></strong></span> <span class='ocrx_word' id='word_1_46' title='bbox 687 740 798 810; x_wconf 78' lang='grc' dir='ltr'><em>ἄρα</em></span> <span class='ocrx_word' id='word_1_47' title='bbox 816 745 929 795; x_wconf 87' lang='grc' dir='ltr'><em>τῶν</em></span> <span class='ocrx_word' id='word_1_48' title='bbox 949 744 1053 795; x_wconf 90' lang='grc' dir='ltr'><em>τοῦ</em></span> <span class='ocrx_word' id='word_1_49' title='bbox 1078 737 1330 809; x_wconf 85' lang='grc' dir='ltr'><em>σώματός</em></span> <span class='ocrx_word' id='word_1_50' title='bbox 1358 760 1409 793; x_wconf 90' lang='grc' dir='ltr'><em>τι</em></span> <span class='ocrx_word' id='word_1_51' title='bbox 1427 738 1752 810; x_wconf 71' lang='grc' dir='ltr'><em>γιγνώσκει,</em></span> <span class='ocrx_word' id='word_1_52' title='bbox 1783 735 1851 792; x_wconf 78' lang='grc' dir='ltr'><em>τὰ</em></span> 
     </span>
     <span class='ocr_line' id='line_1_10' title="bbox 172 817 1082 892; baseline 0.002 -17"><span class='ocrx_word' id='word_1_53' title='bbox 172 817 351 876; x_wconf 79' lang='grc' dir='ltr'><em>αὑτοῦ</em></span> <span class='ocrx_word' id='word_1_54' title='bbox 369 819 487 877; x_wconf 75' lang='grc' dir='ltr'><strong><em>ἀλλ’</em></strong></span> <span class='ocrx_word' id='word_1_55' title='bbox 505 819 607 892; x_wconf 82' lang='grc' dir='ltr'><em>οὐχ</em></span> <span class='ocrx_word' id='word_1_56' title='bbox 626 819 804 877; x_wconf 84' lang='grc' dir='ltr'><em>αὑτὸν</em></span> <span class='ocrx_word' id='word_1_57' title='bbox 823 825 1082 892; x_wconf 82' lang='grc' dir='ltr'><em>ἔγνωκεν.</em></span> 
     </span>
     <span class='ocr_line' id='line_1_11' title="bbox 312 902 702 968; baseline 0.003 -11"><span class='ocrx_word' id='word_1_58' title='bbox 312 909 429 959; x_wconf 86' lang='grc' dir='ltr'><em>ΑΛ.</em></span> <span class='ocrx_word' id='word_1_59' title='bbox 493 902 702 968; x_wconf 78' lang='grc' dir='ltr'><em>Οὕτως.</em></span> 
     </span>
     <span class='ocr_line' id='line_1_12' title="bbox 307 981 1849 1056; baseline 0.001 -17"><span class='ocrx_word' id='word_1_60' title='bbox 307 989 432 1040; x_wconf 77' lang='grc' dir='ltr'><em>ΣΩ.</em></span> <span class='ocrx_word' id='word_1_61' title='bbox 490 984 688 1050; x_wconf 79' lang='grc' dir='ltr'><em>Οὐδεὶς</em></span> <span class='ocrx_word' id='word_1_62' title='bbox 705 984 812 1054; x_wconf 79' lang='grc' dir='ltr'><em>ἄρα</em></span> <span class='ocrx_word' id='word_1_63' title='bbox 829 990 941 1040; x_wconf 90' lang='grc' dir='ltr'><em>τῶν</em></span> <span class='ocrx_word' id='word_1_64' title='bbox 958 990 1165 1056; x_wconf 83' lang='grc' dir='ltr'><em>ἰατρῶν</em></span> <span class='ocrx_word' id='word_1_65' title='bbox 1180 984 1382 1040; x_wconf 82' lang='grc' dir='ltr'><em>ἑαυτὸν</em></span> <span class='ocrx_word' id='word_1_66' title='bbox 1396 982 1709 1054; x_wconf 76' lang='grc' dir='ltr'><em>γιγνώσκει,</em></span> <span class='ocrx_word' id='word_1_67' title='bbox 1724 981 1849 1040; x_wconf 80' lang='grc' dir='ltr'><em>καθ’</em></span> 
     </span>
     <span class='ocr_line' id='line_1_13' title="bbox 172 1062 1843 1139; baseline 0.001 -19"><span class='ocrx_word' id='word_1_68' title='bbox 172 1062 310 1121; x_wconf 79' lang='grc' dir='ltr'><em>ὅσον</em></span> <span class='ocrx_word' id='word_1_69' title='bbox 329 1067 545 1139; x_wconf 81' lang='grc' dir='ltr'><em>ἰατρός,</em></span> <span class='ocrx_word' id='word_1_70' title='bbox 587 1065 718 1123; x_wconf 78' lang='grc' dir='ltr'><em>οὐδὲ</em></span> <span class='ocrx_word' id='word_1_71' title='bbox 746 1075 861 1123; x_wconf 89' lang='grc' dir='ltr'><em>τῶν</em></span> <span class='ocrx_word' id='word_1_72' title='bbox 889 1071 1290 1139; x_wconf 80' lang='grc' dir='ltr'><em>παιδοτριβῶν,</em></span> <span class='ocrx_word' id='word_1_73' title='bbox 1328 1064 1457 1122; x_wconf 82' lang='grc' dir='ltr'><em>καθ’</em></span> <span class='ocrx_word' id='word_1_74' title='bbox 1486 1064 1625 1121; x_wconf 80' lang='grc' dir='ltr'><em>ὅσον</em></span> <span class='ocrx_word' id='word_1_75' title='bbox 1654 1069 1843 1122; x_wconf 81' lang='grc' dir='ltr'><em>παιδο-</em></span> 
     </span>
    </p>
   </div>
   <div class='ocr_carea' id='block_1_4' title="bbox 117 1153 373 1220">
    <p class='ocr_par' dir='ltr' id='par_1_4' title="bbox 117 1153 373 1220">
     <span class='ocr_line' id='line_1_14' title="bbox 117 1153 373 1220; baseline -0.016 -3"><span class='ocrx_word' id='word_1_76' title='bbox 117 1172 122 1176; x_wconf 89' lang='grc'><em>·</em></span> <span class='ocrx_word' id='word_1_77' title='bbox 170 1153 373 1220; x_wconf 57' lang='lat' dir='ltr'><em>wlfing-</em></span> 
     </span>
    </p>
   </div>
   <div class='ocr_carea' id='block_1_5' title="bbox 172 1229 1970 2867">
    <p class='ocr_par' dir='ltr' id='par_1_5' title="bbox 318 1229 829 1287">
     <span class='ocr_line' id='line_1_15' title="bbox 318 1229 829 1287; baseline 0.002 -2"><span class='ocrx_word' id='word_1_78' title='bbox 318 1238 435 1287; x_wconf 85' lang='lat' dir='ltr'><em>AA.</em></span> <span class='ocrx_word' id='word_1_79' title='bbox 494 1229 614 1287; x_wconf 78' lang='grc' dir='ltr'><em>Οὐκ</em></span> <span class='ocrx_word' id='word_1_80' title='bbox 637 1236 829 1287; x_wconf 82' lang='grc' dir='ltr'><em>ἔοικεν.</em></span> 
     </span>
    </p>

    <p class='ocr_par' dir='ltr' id='par_1_6' title="bbox 172 1311 2028 1713">
     <span class='ocr_line' id='line_1_16' title="bbox 311 1311 1851 1385; baseline 0 -17"><span class='ocrx_word' id='word_1_81' title='bbox 311 1318 435 1368; x_wconf 75' lang='grc' dir='ltr'><em>ΣΩ.</em></span> <span class='ocrx_word' id='word_1_82' title='bbox 486 1318 715 1368; x_wconf 81' lang='grc' dir='ltr'><em>Πολλοῦ</em></span> <span class='ocrx_word' id='word_1_83' title='bbox 743 1311 852 1383; x_wconf 74' lang='grc' dir='ltr'><em>ἄρα</em></span> <span class='ocrx_word' id='word_1_84' title='bbox 882 1316 1106 1369; x_wconf 81' lang='grc' dir='ltr'><em>δέουσιν</em></span> <span class='ocrx_word' id='word_1_85' title='bbox 1139 1317 1196 1369; x_wconf 74' lang='lat' dir='ltr'><em>oc</em></span> <span class='ocrx_word' id='word_1_86' title='bbox 1220 1315 1456 1385; x_wconf 84' lang='grc' dir='ltr'><em>γεωργοὶ</em></span> <span class='ocrx_word' id='word_1_87' title='bbox 1485 1314 1576 1369; x_wconf 81' lang='grc' dir='ltr'><em>καὶ</em></span> <span class='ocrx_word' id='word_1_88' title='bbox 1612 1317 1670 1369; x_wconf 80' lang='grc' dir='ltr'><em>οἰ</em></span> <span class='ocrx_word' id='word_1_89' title='bbox 1694 1311 1851 1369; x_wconf 73' lang='grc' dir='ltr'><em>ἄλλοι</em></span> 
     </span>
     <span class='ocr_line' id='line_1_17' title="bbox 172 1387 1855 1467; baseline 0 -17"><span class='ocrx_word' id='word_1_90' title='bbox 172 1397 498 1467; x_wconf 77' lang='grc' dir='ltr'><em>δημιουργοὶ</em></span> <span class='ocrx_word' id='word_1_91' title='bbox 515 1395 847 1465; x_wconf 75' lang='grc' dir='ltr'><em>γιγνώσκειν</em></span> <span class='ocrx_word' id='word_1_92' title='bbox 867 1396 1114 1462; x_wconf 81' lang='grc' dir='ltr'><em>ἑαυτούς,</em></span> <span class='ocrx_word' id='word_1_93' title='bbox 1152 1393 1409 1467; x_wconf 75' lang='grc' dir='ltr'><em>οὐδὲγὰρ</em></span> <span class='ocrx_word' id='word_1_94' title='bbox 1430 1393 1494 1450; x_wconf 74' lang='grc' dir='ltr'><em>τοὶ</em></span> <span class='ocrx_word' id='word_1_95' title='bbox 1517 1396 1732 1451; x_wconf 79' lang='grc' dir='ltr'><em>ἑαυτῶν</em></span> <span class='ocrx_word' id='word_1_96' title='bbox 1750 1387 1855 1450; x_wconf 81' lang='grc' dir='ltr'><em>οὗ-</em></span> 
     </span>
     <span class='ocr_line' id='line_1_18' title="bbox 175 1475 1853 1549; baseline 0 -16"><span class='ocrx_word' id='word_1_97' title='bbox 175 1483 262 1534; x_wconf 87' lang='grc' dir='ltr'><em>τοί</em></span> <span class='ocrx_word' id='word_1_98' title='bbox 285 1499 374 1549; x_wconf 86' lang='grc' dir='ltr'><em>γε,</em></span> <span class='ocrx_word' id='word_1_99' title='bbox 409 1475 480 1543; x_wconf 75' lang='grc' dir='ltr'><em>ὡς</em></span> <span class='ocrx_word' id='word_1_100' title='bbox 511 1482 717 1547; x_wconf 87' lang='grc' dir='ltr'><em>ἔοικεν,</em></span> <span class='ocrx_word' id='word_1_101' title='bbox 749 1476 862 1534; x_wconf 78' lang='grc' dir='ltr'><strong><em>ἀλλ’</em></strong></span> <span class='ocrx_word' id='word_1_102' title='bbox 885 1482 962 1533; x_wconf 84' lang='grc' dir='ltr'><em>ἔτι</em></span> <span class='ocrx_word' id='word_1_103' title='bbox 990 1481 1324 1549; x_wconf 81' lang='grc' dir='ltr'><em>πορρωτέρω</em></span> <span class='ocrx_word' id='word_1_104' title='bbox 1343 1483 1459 1533; x_wconf 90' lang='grc' dir='ltr'><em>τῶν</em></span> <span class='ocrx_word' id='word_1_105' title='bbox 1479 1478 1695 1534; x_wconf 82' lang='grc' dir='ltr'><em>ἑαυτῶν</em></span> <span class='ocrx_word' id='word_1_106' title='bbox 1714 1475 1853 1534; x_wconf 75' lang='grc' dir='ltr'><em>κατά</em></span> 
     </span>
     <span class='ocr_line' id='line_1_19' title="bbox 172 1558 1855 1631; baseline 0.001 -16"><span class='ocrx_word' id='word_1_107' title='bbox 172 1582 233 1631; x_wconf 86' lang='grc' dir='ltr'><em>γε</em></span> <span class='ocrx_word' id='word_1_108' title='bbox 253 1558 350 1625; x_wconf 76' lang='grc' dir='ltr'><em>τὰς</em></span> <span class='ocrx_word' id='word_1_109' title='bbox 368 1562 561 1631; x_wconf 78' lang='grc' dir='ltr'><em>τέχνας</em></span> <span class='ocrx_word' id='word_1_110' title='bbox 579 1558 644 1626; x_wconf 70' lang='grc' dir='ltr'><em>ἃς</em></span> <span class='ocrx_word' id='word_1_111' title='bbox 662 1565 846 1631; x_wconf 83' lang='grc' dir='ltr'><em>ἔχουσι</em></span> <span class='ocrx_word' id='word_1_112' title='bbox 859 1582 871 1593; x_wconf 94' lang='grc'><em>·</em></span> <span class='ocrx_word' id='word_1_113' title='bbox 901 1559 967 1615; x_wconf 79' lang='grc' dir='ltr'><em>τοὶ</em></span> <span class='ocrx_word' id='word_1_114' title='bbox 988 1558 1094 1630; x_wconf 76' lang='grc' dir='ltr'><em>γὰρ</em></span> <span class='ocrx_word' id='word_1_115' title='bbox 1117 1567 1218 1616; x_wconf 83' lang='grc' dir='ltr'><em>τοῦ</em></span> <span class='ocrx_word' id='word_1_116' title='bbox 1235 1560 1487 1631; x_wconf 87' lang='grc' dir='ltr'><em>σώματος</em></span> <span class='ocrx_word' id='word_1_117' title='bbox 1505 1558 1855 1631; x_wconf 81' lang='grc' dir='ltr'><em>γιγνώσκου-</em></span> 
     </span>
     <span class='ocr_line' id='line_1_20' title="bbox 173 1638 1970 1713; baseline 0.001 -16"><span class='ocrx_word' id='word_1_118' title='bbox 173 1660 293 1713; x_wconf 88' lang='grc' dir='ltr'><em>σιν,</em></span> <span class='ocrx_word' id='word_1_119' title='bbox 314 1638 396 1707; x_wconf 82' lang='grc' dir='ltr'><em>οἷς</em></span> <span class='ocrx_word' id='word_1_120' title='bbox 416 1648 579 1698; x_wconf 89' lang='grc' dir='ltr'><em>τοῦτο</em></span> <span class='ocrx_word' id='word_1_121' title='bbox 599 1642 982 1711; x_wconf 81' lang='grc' dir='ltr'><em>θεραπεύεται.</em></span> <span class='ocrx_word' id='word_1_122' title='bbox 1888 1648 1921 1690; x_wconf 90' lang='grc' dir='ltr'>Β</span> <span class='ocrx_word' id='word_1_123' title='bbox 1967 1645 1970 1647; x_wconf 72' lang='grc'><strong>’</strong></span> 
     </span>
    </p>

    <p class='ocr_par' dir='ltr' id='par_1_7' title="bbox 314 1722 1938 1796">
     <span class='ocr_line' id='line_1_21' title="bbox 314 1722 1938 1796; baseline 0 -16"><span class='ocrx_word' id='word_1_124' title='bbox 314 1730 431 1780; x_wconf 83' lang='lat' dir='ltr'><em>AA.</em></span> <span class='ocrx_word' id='word_1_125' title='bbox 483 1722 688 1796; x_wconf 82' lang='grc' dir='ltr'><strong><em>Ἀληθῆ</em></strong></span> <span class='ocrx_word' id='word_1_126' title='bbox 708 1727 894 1795; x_wconf 83' lang='grc' dir='ltr'><em>λέγεις.</em></span> <span class='ocrx_word' id='word_1_127' title='bbox 1936 1726 1938 1730; x_wconf 66' lang='grc'>’</span> 
     </span>
    </p>

    <p class='ocr_par' dir='ltr' id='par_1_8' title="bbox 174 1804 1853 1961">
     <span class='ocr_line' id='line_1_22' title="bbox 309 1804 1853 1878; baseline -0.001 -15"><span class='ocrx_word' id='word_1_128' title='bbox 309 1812 436 1863; x_wconf 76' lang='grc' dir='ltr'><em>ΣΩ.</em></span> <span class='ocrx_word' id='word_1_129' title='bbox 491 1812 563 1863; x_wconf 84' lang='grc' dir='ltr'><em>Εἰ</em></span> <span class='ocrx_word' id='word_1_130' title='bbox 578 1806 685 1876; x_wconf 77' lang='grc' dir='ltr'><em>ἄρα</em></span> <span class='ocrx_word' id='word_1_131' title='bbox 707 1806 1048 1878; x_wconf 87' lang='grc' dir='ltr'><em>σωφροσύνη</em></span> <span class='ocrx_word' id='word_1_132' title='bbox 1068 1808 1180 1863; x_wconf 82' lang='grc' dir='ltr'><em>ἐστὶ</em></span> <span class='ocrx_word' id='word_1_133' title='bbox 1198 1804 1260 1862; x_wconf 83' lang='grc' dir='ltr'><em>τὸ</em></span> <span class='ocrx_word' id='word_1_134' title='bbox 1285 1804 1485 1862; x_wconf 83' lang='grc' dir='ltr'><em>ἑαυτὸν</em></span> <span class='ocrx_word' id='word_1_135' title='bbox 1503 1805 1853 1877; x_wconf 85' lang='grc' dir='ltr'><em>γιγνώσκειν,</em></span> 
     </span>
     <span class='ocr_line' id='line_1_23' title="bbox 174 1886 1357 1961; baseline -0.001 -17"><span class='ocrx_word' id='word_1_136' title='bbox 174 1887 356 1954; x_wconf 79' lang='grc' dir='ltr'><em>οὐδεὶς</em></span> <span class='ocrx_word' id='word_1_137' title='bbox 373 1888 586 1945; x_wconf 87' lang='grc' dir='ltr'><em>τούτων</em></span> <span class='ocrx_word' id='word_1_138' title='bbox 605 1889 850 1961; x_wconf 85' lang='grc' dir='ltr'><em>σώφρων</em></span> <span class='ocrx_word' id='word_1_139' title='bbox 869 1886 1007 1944; x_wconf 79' lang='grc' dir='ltr'><em>κατὰ</em></span> <span class='ocrx_word' id='word_1_140' title='bbox 1029 1886 1132 1959; x_wconf 84' lang='grc' dir='ltr'><em>τὴν</em></span> <span class='ocrx_word' id='word_1_141' title='bbox 1149 1892 1357 1960; x_wconf 84' lang='grc' dir='ltr'><em>τέχνην.</em></span> 
     </span>
    </p>

    <p class='ocr_par' dir='ltr' id='par_1_9' title="bbox 311 1971 871 2044">
     <span class='ocr_line' id='line_1_24' title="bbox 311 1971 871 2044; baseline 0 -16"><span class='ocrx_word' id='word_1_142' title='bbox 311 1977 430 2028; x_wconf 86' lang='grc' dir='ltr'><em>ΑΛ.</em></span> <span class='ocrx_word' id='word_1_143' title='bbox 488 1971 575 2028; x_wconf 82' lang='grc' dir='ltr'><em>Οὔ</em></span> <span class='ocrx_word' id='word_1_144' title='bbox 594 1995 687 2044; x_wconf 87' lang='grc' dir='ltr'><em>μοι</em></span> <span class='ocrx_word' id='word_1_145' title='bbox 708 1977 871 2028; x_wconf 76' lang='grc' dir='ltr'><em>δοκεῖ.</em></span> 
     </span>
    </p>

    <p class='ocr_par' dir='ltr' id='par_1_10' title="bbox 175 2045 1855 2206">
     <span class='ocr_line' id='line_1_25' title="bbox 312 2045 1855 2125; baseline -0.002 -15"><span class='ocrx_word' id='word_1_146' title='bbox 312 2059 438 2110; x_wconf 76' lang='grc' dir='ltr'><em>ΣΩ.</em></span> <span class='ocrx_word' id='word_1_147' title='bbox 495 2053 606 2110; x_wconf 80' lang='grc' dir='ltr'><em>Διά</em></span> <span class='ocrx_word' id='word_1_148' title='bbox 647 2061 819 2110; x_wconf 90' lang='grc' dir='ltr'><em>ταῦτα</em></span> <span class='ocrx_word' id='word_1_149' title='bbox 857 2051 923 2125; x_wconf 81' lang='grc' dir='ltr'><em>δὴ</em></span> <span class='ocrx_word' id='word_1_150' title='bbox 964 2056 1056 2109; x_wconf 87' lang='grc' dir='ltr'><em>καὶ</em></span> <span class='ocrx_word' id='word_1_151' title='bbox 1090 2054 1367 2125; x_wconf 79' lang='grc' dir='ltr'><em>βάναυσοι</em></span> <span class='ocrx_word' id='word_1_152' title='bbox 1397 2045 1559 2108; x_wconf 79' lang='grc' dir='ltr'><em>αὗται</em></span> <span class='ocrx_word' id='word_1_153' title='bbox 1586 2055 1647 2108; x_wconf 75' lang='grc' dir='ltr'><em>αἰ</em></span> <span class='ocrx_word' id='word_1_154' title='bbox 1670 2054 1855 2124; x_wconf 81' lang='grc' dir='ltr'><em>τέχναι</em></span> 
     </span>
     <span class='ocr_line' id='line_1_26' title="bbox 175 2134 1647 2206; baseline -0.001 -15"><span class='ocrx_word' id='word_1_155' title='bbox 175 2138 444 2192; x_wconf 76' lang='grc' dir='ltr'><em>δοκοῦσιν</em></span> <span class='ocrx_word' id='word_1_156' title='bbox 463 2134 603 2191; x_wconf 78' lang='grc' dir='ltr'><em>εἶναι</em></span> <span class='ocrx_word' id='word_1_157' title='bbox 622 2138 712 2191; x_wconf 77' lang='grc' dir='ltr'><em>καὶ</em></span> <span class='ocrx_word' id='word_1_158' title='bbox 733 2134 838 2191; x_wconf 82' lang='grc' dir='ltr'><em>οὐκ</em></span> <span class='ocrx_word' id='word_1_159' title='bbox 859 2135 1067 2204; x_wconf 78' lang='grc' dir='ltr'><em>ἀνδρὸς</em></span> <span class='ocrx_word' id='word_1_160' title='bbox 1086 2134 1310 2206; x_wconf 80' lang='grc' dir='ltr'><em>ἀγαθοῦ</em></span> <span class='ocrx_word' id='word_1_161' title='bbox 1330 2134 1647 2206; x_wconf 79' lang='grc' dir='ltr'><em>μαθήματα.</em></span> 
     </span>
    </p>

    <p class='ocr_par' dir='ltr' id='par_1_11' title="bbox 323 2212 915 2289">
     <span class='ocr_line' id='line_1_27' title="bbox 323 2212 915 2289; baseline 0.002 -17"><span class='ocrx_word' id='word_1_162' title='bbox 323 2222 432 2273; x_wconf 84' lang='lat' dir='ltr'><em>AA.</em></span> <span class='ocrx_word' id='word_1_163' title='bbox 491 2219 654 2274; x_wconf 82' lang='grc' dir='ltr'><em>Πάνυ</em></span> <span class='ocrx_word' id='word_1_164' title='bbox 672 2218 775 2289; x_wconf 71' lang='grc' dir='ltr'><em>μὲν</em></span> <span class='ocrx_word' id='word_1_165' title='bbox 794 2212 915 2275; x_wconf 84' lang='grc' dir='ltr'><em>οὖν.</em></span> 
     </span>
    </p>

    <p class='ocr_par' dir='ltr' id='par_1_12' title="bbox 176 2293 1855 2452">
     <span class='ocr_line' id='line_1_28' title="bbox 312 2293 1855 2372; baseline 0.001 -18"><span class='ocrx_word' id='word_1_166' title='bbox 312 2304 436 2354; x_wconf 79' lang='grc' dir='ltr'><em>ΣΩ.</em></span> <span class='ocrx_word' id='word_1_167' title='bbox 496 2297 726 2355; x_wconf 78' lang='grc' dir='ltr'><em>Οὐκοῦν</em></span> <span class='ocrx_word' id='word_1_168' title='bbox 756 2299 924 2354; x_wconf 79' lang='grc' dir='ltr'><em>πάλιν</em></span> <span class='ocrx_word' id='word_1_169' title='bbox 953 2296 1104 2364; x_wconf 81' lang='grc' dir='ltr'><em>ὅστις</em></span> <span class='ocrx_word' id='word_1_170' title='bbox 1132 2293 1205 2354; x_wconf 82' lang='grc' dir='ltr'><em>αὖ</em></span> <span class='ocrx_word' id='word_1_171' title='bbox 1229 2306 1385 2371; x_wconf 88' lang='grc' dir='ltr'><em>σῶμα</em></span> <span class='ocrx_word' id='word_1_172' title='bbox 1416 2299 1747 2372; x_wconf 81' lang='grc' dir='ltr'><em>θεραπεύει,</em></span> <span class='ocrx_word' id='word_1_173' title='bbox 1788 2299 1855 2355; x_wconf 81' lang='grc' dir='ltr'><em>τὰ</em></span> 
     </span>
     <span class='ocr_line' id='line_1_29' title="bbox 176 2379 1181 2452; baseline 0.002 -16"><span class='ocrx_word' id='word_1_174' title='bbox 176 2382 378 2436; x_wconf 80' lang='grc' dir='ltr'><em>ἑαυτοῦ</em></span> <span class='ocrx_word' id='word_1_175' title='bbox 398 2379 511 2437; x_wconf 76' lang='grc' dir='ltr'><em>ἀλλ’</em></span> <span class='ocrx_word' id='word_1_176' title='bbox 537 2380 636 2452; x_wconf 79' lang='grc' dir='ltr'><em>οὐχ</em></span> <span class='ocrx_word' id='word_1_177' title='bbox 656 2379 831 2436; x_wconf 77' lang='grc' dir='ltr'><em>αὑτὸν</em></span> <span class='ocrx_word' id='word_1_178' title='bbox 850 2381 1181 2451; x_wconf 69' lang='grc' dir='ltr'><em>θεραπεύεις</em></span> 
     </span>
    </p>

    <p class='ocr_par' dir='ltr' id='par_1_13' title="bbox 319 2465 839 2520">
     <span class='ocr_line' id='line_1_30' title="bbox 319 2465 839 2520; baseline -0.002 -1"><span class='ocrx_word' id='word_1_179' title='bbox 319 2471 432 2520; x_wconf 84' lang='grc' dir='ltr'><em>ΑΔ.</em></span> <span class='ocrx_word' id='word_1_180' title='bbox 494 2465 839 2520; x_wconf 74' lang='grc' dir='ltr'><em>Κινδυνεύει.</em></span> 
     </span>
    </p>

    <p class='ocr_par' dir='ltr' id='par_1_14' title="bbox 175 2543 1919 2698">
     <span class='ocr_line' id='line_1_31' title="bbox 316 2543 1855 2634; baseline 0 -33"><span class='ocrx_word' id='word_1_181' title='bbox 316 2551 440 2601; x_wconf 79' lang='grc' dir='ltr'><em>ΣΩ.</em></span> <span class='ocrx_word' id='word_1_182' title='bbox 484 2545 670 2611; x_wconf 84' lang='grc' dir='ltr'><em>Ὅστις</em></span> <span class='ocrx_word' id='word_1_183' title='bbox 699 2550 762 2602; x_wconf 77' lang='grc' dir='ltr'><em>δέ</em></span> <span class='ocrx_word' id='word_1_184' title='bbox 786 2567 848 2617; x_wconf 86' lang='grc' dir='ltr'><em>γε</em></span> <span class='ocrx_word' id='word_1_185' title='bbox 878 2569 944 2601; x_wconf 93' lang='grc' dir='ltr'><em>τα</em></span> <span class='ocrx_word' id='word_1_186' title='bbox 962 2548 1238 2618; x_wconf 80' lang='grc' dir='ltr'><em>χρήματα,</em></span> <span class='ocrx_word' id='word_1_187' title='bbox 1269 2545 1393 2604; x_wconf 79' lang='grc' dir='ltr'><em>οὔθ’</em></span> <span class='ocrx_word' id='word_1_188' title='bbox 1417 2546 1620 2634; x_wconf 81' lang='grc' dir='ltr'><em>ἑαυτὸν</em></span> <span class='ocrx_word' id='word_1_189' title='bbox 1640 2543 1768 2603; x_wconf 83' lang='grc' dir='ltr'><em>οὕτε</em></span> <span class='ocrx_word' id='word_1_190' title='bbox 1790 2567 1855 2601; x_wconf 87' lang='grc' dir='ltr'><em>τα</em></span> 
     </span>
     <span class='ocr_line' id='line_1_32' title="bbox 175 2626 1919 2698; baseline 0.003 -15"><span class='ocrx_word' id='word_1_191' title='bbox 175 2628 393 2696; x_wconf 78' lang='grc' dir='ltr'><em>ἑαυτοῦ,</em></span> <span class='ocrx_word' id='word_1_192' title='bbox 417 2626 532 2683; x_wconf 78' lang='grc' dir='ltr'><em>αλλ’</em></span> <span class='ocrx_word' id='word_1_193' title='bbox 553 2633 629 2683; x_wconf 77' lang='grc' dir='ltr'><em>ἔτι</em></span> <span class='ocrx_word' id='word_1_194' title='bbox 652 2631 986 2698; x_wconf 75' lang='grc' dir='ltr'><em>πορρωτέρω</em></span> <span class='ocrx_word' id='word_1_195' title='bbox 1004 2635 1117 2685; x_wconf 88' lang='grc' dir='ltr'><em>τῶν</em></span> <span class='ocrx_word' id='word_1_196' title='bbox 1138 2631 1371 2697; x_wconf 70' lang='grc' dir='ltr'><em>ἑαυτοῦς</em></span> <span class='ocrx_word' id='word_1_197' title='bbox 1888 2638 1919 2682; x_wconf 82' lang='lat' dir='ltr'><strong>G</strong></span> 
     </span>
    </p>

    <p class='ocr_par' dir='ltr' id='par_1_15' title="bbox 322 2710 892 2781">
     <span class='ocr_line' id='line_1_33' title="bbox 322 2710 892 2781; baseline 0.004 -16"><span class='ocrx_word' id='word_1_198' title='bbox 322 2716 431 2765; x_wconf 83' lang='lat' dir='ltr'><em>AA.</em></span> <span class='ocrx_word' id='word_1_199' title='bbox 480 2710 697 2781; x_wconf 83' lang='grc' dir='ltr'><em>Ἔμοιγε</em></span> <span class='ocrx_word' id='word_1_200' title='bbox 722 2715 892 2768; x_wconf 73' lang='grc' dir='ltr'><em>δοκεῖ.</em></span> 
     </span>
    </p>

    <p class='ocr_par' dir='ltr' id='par_1_16' title="bbox 315 2791 1786 2867">
     <span class='ocr_line' id='line_1_34' title="bbox 315 2791 1786 2867; baseline 0.001 -19"><span class='ocrx_word' id='word_1_201' title='bbox 315 2798 435 2848; x_wconf 76' lang='grc' dir='ltr'><em>ΣΩ.</em></span> <span class='ocrx_word' id='word_1_202' title='bbox 500 2792 584 2848; x_wconf 87' lang='grc' dir='ltr'><em>Ου</em></span> <span class='ocrx_word' id='word_1_203' title='bbox 604 2816 668 2848; x_wconf 83' lang='grc' dir='ltr'><em>τα</em></span> <span class='ocrx_word' id='word_1_204' title='bbox 689 2791 866 2849; x_wconf 80' lang='grc' dir='ltr'><em>αὑτοῦ</em></span> <span class='ocrx_word' id='word_1_205' title='bbox 885 2814 993 2866; x_wconf 91' lang='grc' dir='ltr'><em>αρα</em></span> <span class='ocrx_word' id='word_1_206' title='bbox 1014 2799 1089 2851; x_wconf 79' lang='grc' dir='ltr'><em>ἔτι</em></span> <span class='ocrx_word' id='word_1_207' title='bbox 1109 2795 1334 2865; x_wconf 80' lang='grc' dir='ltr'><em>πράττει</em></span> <span class='ocrx_word' id='word_1_208' title='bbox 1353 2791 1382 2851; x_wconf 86' lang='grc' dir='ltr'>ὀ</span> <span class='ocrx_word' id='word_1_209' title='bbox 1406 2793 1786 2867; x_wconf 82' lang='grc' dir='ltr'><em>χρηματιστής.</em></span> 
     </span>
    </p>
   </div>
  </div>
 </body>
</html>
