2028 3198
297 190 330 241 4
893 189 1366 239 ΠΛΑΤΩΝΟΣ

296 327 650 394 Παρμενίδου
670 324 816 396 λόγῳ
841 320 978 391 πρὸς
1000 321 1132 386 τούς
1158 323 1564 394 ἐπιχειροῦντας
1583 322 1973 396 αὐτουκωμςο-

182 418 188 425 ·
229 416 264 456 D
297 409 440 474 δεῖν,
482 403 556 470 ὡς
585 405 636 461 εἰ
661 406 723 460 ἕν
752 408 890 472 ἐστι,
929 402 1103 460 πολλά
1125 405 1216 459 καὶ
1233 410 1420 474 γελοῖα
1436 411 1726 478 συμβαίνει
1745 407 1973 476 πάσχειν

293 491 369 558 τῷ
409 486 556 558 λόγῳ
590 488 680 540 καὶ
711 489 933 541 ἐναντία
975 483 1138 559 αὑτῷ.
1179 483 1448 556 ἀντιλέγει
1478 486 1543 558 δὴ
1579 482 1685 542 οὖν
1709 493 1873 542 τοῦτο
1903 486 1965 542 τὸ

232 621 235 625 ,
293 566 520 636 γράμμα
540 565 680 638 πρὸς
698 568 830 631 τούς
847 566 914 621 τὰ
934 564 1111 621 πολλοὶ
1132 568 1420 638 λέγοντας,
1455 570 1544 624 καὶ
1563 566 1966 623 ἀνταποδίδωσι

293 655 464 702 ταῦτα
483 650 574 703 καὶ
592 654 775 719 πλείω,
796 654 958 703 τοῦτο
979 648 1325 718 βουλόμενον
1343 653 1580 720 δηλοῦν,
1604 647 1673 714 ὥς
1698 653 1772 704 ἔτι
1790 657 1971 719 γελοι-

298 732 462 800 ότερα
491 733 690 802 πάσχοι
708 728 780 787 ἄν
801 729 1037 801 αὐτῶνὴ
1061 727 1360 800 ὑπόθεσις,
1402 735 1452 786 εἰ
1476 731 1652 786 πολλά
1671 733 1843 801 ἐστιν,
1882 727 1918 801 ἦ
1936 728 1969 800 ἡ

296 817 479 869 τοῦὲν
500 813 666 884 εἶναι,
706 821 760 869 εἴ
772 835 852 879 τις
872 817 1076 877 ἱκανῶς
1094 815 1306 878 ἐπεξίοι.
1332 810 1420 867 διὰ
1440 812 1700 882 τοιαύτην
1722 812 1787 881 δὴ
1810 819 1971 881 φιλο-

296 901 507 951 νεικίαν
526 893 636 951 ὑπὸ
660 898 791 950 νέου
811 894 972 959 ὄντος
990 899 1127 966 ἐμοῦ
1144 894 1355 964 ἐγράφη
1370 936 1384 963 ,
1414 898 1510 949 καί
1524 916 1603 958 τις
1623 890 1756 948 αὐτὸ
1779 898 1971 959 ἔκλεψε

232 990 266 1031 Ε
292 979 526 1077 γραφέν,
547 975 685 1033 ω’στε
701 975 831 1033 οὐδε
847 976 1262 1048 βουλεύσασθαι
1281 977 1567 1045 ἐξεγένετο,
1591 973 1677 1031 εἰ”τ
1702 977 1971 1040 ἐξοιστέον

294 1056 430 1115 αὐτὸ
470 1064 547 1123 εἰς
581 1057 642 1114 τὸ
662 1081 790 1157 φως
827 1067 933 1114 εἴτε
964 1059 1053 1129 μή.
1092 1058 1264 1129 ταύτῃ
1293 1054 1347 1126 γ’
1384 1078 1490 1111 ουν
1510 1073 1571 1111 σε
1590 1056 1885 1127 λανθάνει,
1925 1061 1966 1111 ω

294 1140 616 1211 Σώκρατες,
654 1139 738 1196 ὅτι
772 1139 872 1210 οὐχ
911 1137 1018 1195 ὑπὸ
1051 1141 1183 1194 νέου
1216 1143 1550 1208 φιλονεικίας
1579 1146 1681 1193 οἴει
1710 1136 1844 1193 αυτὸ
1877 1159 1969 1207 γε-

295 1223 577 1292 γράφθαι,
617 1220 739 1277 ἀλλ’
762 1220 869 1277 ὑπὸ
894 1223 1273 1292 πρεσβυτέρου
1294 1224 1628 1290 φιλοτιμίας·
1659 1223 1799 1290 ἐπεί,
1833 1217 1967 1284 ὅπερ

294 1299 348 1371 γ’
371 1301 528 1357 εἷπον
541 1343 555 1370 ,
577 1300 646 1356 οὐ
662 1309 845 1366 κακῶς
864 1299 1177 1365 ἀπείκασας.

434 1389 514 1438 ΙΙΙ.
583 1380 727 1438 Ἀλλ’
770 1381 1128 1453 ἀποδέχομαι,
1181 1382 1354 1450 φάναι
1390 1379 1489 1435 τὸν
1533 1382 1832 1452 Σωκράτη,
1879 1385 1969 1437 καὶ

293 1462 533 1535 ἡγοῦμαι
573 1463 645 1529 ὡς
679 1468 852 1534 λέγεις
890 1469 1043 1534 ἔχειν.
1084 1464 1212 1519 τόδε
1242 1466 1304 1518 δέ
1329 1485 1422 1533 μοι
1455 1466 1595 1518 εἰπέ·
1634 1461 1702 1518 οὐ
1738 1469 1970 1534 νομίζεις

184 1555 265 1600 129
296 1543 435 1600 εἶναι
457 1541 592 1599 αὐτὸ
612 1544 746 1600 καθ’
770 1544 906 1600 αὐτὸ
927 1545 1072 1609 εἶδός
1090 1567 1140 1599 τι
1161 1543 1507 1615 ὁμοιότητος,
1531 1546 1619 1599 καὶ
1640 1551 1715 1617 τῷ
1735 1545 1966 1616 τοιούτῳ

294 1618 370 1680 αὖ
387 1625 520 1680 ἄλλο
540 1647 590 1680 τι
610 1627 889 1696 ἐναντίον,
927 1624 959 1680 ὃ
986 1630 1132 1680 ἔστιν
1161 1624 1425 1695 ἀνόμοιον
1441 1646 1451 1657 ·
1491 1625 1713 1681 τούτοιν
1734 1628 1791 1680 δὲ
1811 1629 1969 1680 δυοῖν

295 1706 483 1761 ὄντοιν
502 1706 592 1760 καὶ
613 1706 705 1775 ἐμὲ
723 1708 815 1761 καὶ
834 1708 894 1760 σε
912 1707 1002 1760 καὶ
1024 1701 1195 1760 τάλλα
1213 1703 1246 1759 ἃ
1278 1707 1343 1776 δὴ
1378 1704 1552 1761 πολλὰ
1575 1713 1854 1776 καλοῦμεν
1871 1728 1967 1776 με-

294 1787 693 1858 ταλαμβάνειν;
715 1785 890 1840 καὶτὰ
908 1786 1008 1854 μὲν
1027 1792 1122 1855 τῆς
1142 1784 1460 1857 ὁμοιότητος
1479 1786 1965 1859 μεταλαμβάνοντα

295 1867 457 1939 ὅμοια
475 1873 767 1937 γίγνεσθαι
787 1867 959 1938 ταύτῃ
985 1887 1043 1921 τε
1068 1866 1314 1921 καὶκατὰ
1333 1874 1601 1923 τοσοῦτον
1621 1867 1757 1922 ὅσον
1776 1864 1847 1923 ἀν
1869 1890 1967 1938 με·-

294 1949 635 2021 ταλαμβάνῃ,
657 1949 722 2002 τοὶ
743 1948 800 2004 δὲ
819 1956 915 2019 τῆς
932 1946 1323 2019 ἀνομοιότητος
1343 1947 1594 2019 ἀνόμοια,
1617 1947 1683 2004 τοὶ
1706 1952 1764 2004 δὲ
1783 1947 1964 2019 ἀμφο-

295 2032 470 2099 τέρων
491 2028 804 2101 ἀμφότερα;
846 2034 895 2084 εἰ
914 2027 1080 2084 δὲκαὶ
1100 2030 1280 2085 πάντα
1299 2033 1564 2086 ἐναντίων
1583 2029 1763 2086 ὅντων
1782 2028 1965 2101 ἀμφο-

295 2114 472 2183 τέρων
491 2111 922 2182 μεταλαμβάνει,
962 2113 1052 2165 καὶ.
1084 2116 1197 2166 ἔστι
1215 2119 1292 2185 τῷ
1311 2113 1550 2182 μετέχειν
1573 2111 1781 2182 ἀμφοῖν
1801 2111 1966 2182 ὅμοιά

233 2210 265 2251 Β
297 2214 355 2247 τε
374 2194 463 2248 καὶ
484 2191 718 2262 ἀνόμοια
740 2189 879 2246 αὐτὰ
912 2191 1125 2262 αὐτοῖς,
1163 2198 1218 2248 τί
1250 2193 1607 2263 θαυμαστόν,
1647 2198 1697 2248 εί
1730 2193 1831 2263 μὲν
1859 2191 1965 2262 γὰρ
2025 2256 2028 2258 ,

296 2271 435 2327 αὐτοὶ
473 2271 538 2327 τὰ
576 2272 740 2344 ὅμοιά
776 2295 856 2338 τις
894 2271 1200 2343 ἀπέφαινεν
1238 2273 1473 2344 ἀνόμοια
1511 2271 1809 2343 γιγνόμενα
1837 2269 1873 2343 ἦ
1901 2273 1965 2328 τά

297 2351 532 2421 ἀνόμοια
552 2352 732 2423 ὅμοια,
753 2355 912 2423 τέρας
932 2353 1020 2422 ἄν,
1045 2354 1209 2424 οἶμαι,
1229 2349 1299 2424 ἦν
1315 2376 1325 2386 ·
1348 2358 1397 2409 ει’
1414 2354 1471 2409 δὲ
1491 2355 1556 2409 τά
1575 2354 1789 2408 τούτων
1809 2356 1965 2423 μετέ-

295 2453 461 2502 χοντα
481 2431 810 2503 ἀμφοτέρων
829 2431 1112 2506 ἀμφότερα
1132 2433 1426 2505 ἀποφαίνει
1443 2434 1778 2506 πεπονθότα,
1801 2433 1965 2489 οὐδὲν
2013 2478 2028 2497 *2

293 2518 495 2584 ἔμοιγε,
519 2508 562 2568 ὦ
575 2513 790 2584 Ζήνων,
812 2514 1021 2570 ἄτοπον
1037 2519 1189 2571 δοκεῖ
1204 2514 1357 2585 εἶναι,
1379 2514 1513 2571 οὐδέ
1528 2537 1590 2585 γε
1606 2520 1656 2571 εἰ
1670 2518 1730 2571 ἓν
1749 2515 1962 2571 ἅπαντα
2026 2568 2028 2570 ,

294 2596 592 2665 ἀποφαίνει
611 2617 689 2659 τις
704 2617 779 2669 τω
797 2599 1035 2667 μετέχειν
1050 2603 1151 2653 τοῦ
1169 2597 1288 2661 ἑνὸς
1306 2598 1397 2652 καὶ
1411 2595 1582 2652 ταύτὰ
1601 2604 1772 2652 ταῦτα
1787 2595 1961 2653 πολλοὶ
2024 2616 2028 2621 ’

295 2698 370 2731 τω
409 2675 663 2746 πλήθους
700 2699 771 2731 αυ
809 2680 1072 2747 μετέχειν·
1111 2676 1232 2733 ἀλλ’
1266 2684 1315 2734 εἰ
1342 2676 1374 2733 ὃ
1393 2683 1540 2734 ἔστιν
1559 2681 1621 2733 ἓν
1642 2678 1776 2733 αὐτὸ
1798 2683 1959 2732 τοῦτο

242 2773 273 2815 C
301 2754 474 2811 πολλὰ
502 2753 790 2829 ἀποδείξει,
812 2759 902 2813 καὶ
923 2761 994 2812 αὐ
1013 2781 1093 2813 τα.
1107 2758 1281 2815 πολλα
1302 2758 1412 2829 δὴ”
1391 2762 1476 2828 έν,
1508 2766 1669 2814 τοῦτο
1689 2758 1793 2830 ἤδη
1814 2767 1960 2814 θαυ-

296 2838 550 2909 μάσομαι.
589 2840 681 2893 καὶ
710 2841 832 2907 περὶ
860 2862 970 2894 των
989 2839 1172 2895 ἄλλων
1188 2840 1449 2897 ἁπάντων
1471 2838 1756 2904 ωσαύτως
1797 2845 1845 2894 εἰ
1862 2859 1961 2908 μεν·

2020 3140 2028 3198 -ι,
2015 2735 2028 3103 .ι.-,....4ᾳι.“-*μη-,ναιΑ
