2028 3198
324 101 425 153 180
724 113 727 115 >
928 97 1401 148 ΠΛΑΤΩΝΟΣ
1457 63 1470 70 ”
1942 91 2006 151 42

323 242 515 307 §prom
551 239 687 308 ἔχεις
717 239 918 302 elusam
955 230 1039 289 Οὐ
1069 227 1223 302 μέντ’
1244 251 1316 284 αν
1336 235 1425 297 σε’,
1466 231 1607 298 ἒφην
1627 223 1762 295 ἐγω,
1801 246 1842 278 ω
1863 229 2006 279 Διο-

324 323 476 388 τίμα,
517 317 832 388 ἐθαύμαζον
868 316 955 371 ε’πὶ
991 318 1161 383 σοφία
1199 314 1291 368 καὶ
1329 313 1565 382 ἐφοίτων
1592 304 1741 377 παρὰ
1775 307 1834 362 σὲ
1861 303 2028 361 αὐτα

325 406 499 456 ταῦτα
518 401 926 471 μαθησόμενος.
985 393 1119 452 Ἀλλ’
1146 393 1252 466 ἐγώ
1273 411 1387 465 σοι,
1420 397 1554 463 ἔφη,
1592 393 1713 462 ἐρῶ.
1768 393 1879 444 ἔστι
1897 381 2028 458 γάρῖξ

298 490 492 541 ,τοῦτο
523 482 685 548 τόκος
708 486 769 538 ἐν
797 488 950 555 καλῷ
974 481 1064 535 καὶ
1091 477 1229 533 κατὰ
1247 474 1308 532 τὸ
1331 483 1485 546 σῶμα
1505 474 1595 530 καὶ
1614 470 1751 528 κατὰ
1771 469 1874 542 τὴν
1894 467 2028 575 ψυ-ζξ

330 568 444 640 χήν.
482 573 792 636 Μαντείας,
816 559 889 636 ἦν
910 561 966 619 δ’
986 560 1121 645 5795,
1145 556 1366 615 δεῖται“
1334 579 1363 613 ο
1383 562 1439 612 τί
1453 576 1584 611 ποτε
1605 556 1804 624 λέγεις,
1828 555 1914 608 καὶ
1936 548 2028 628 06}

269 664 300 707 Ο
329 649 619 724 μανθᾶνω.
674 646 820 705 Ἀλλ’
853 645 988 716 ἐγώ,
1026 646 1058 714 ἠ
1088 641 1140 697 δ’
1162 640 1198 738 η’
1213 683 1226 707 ,
1266 641 1608 736 σαφέστερον
1627 639 1752 706 ἐρω.
1806 609 2028 702 κυοῦσιξ

258 743 279 775 f
329 735 465 806 γάρ,
504 739 638 838 ἔφη,
685 725 728 786 ὦ
748 729 1071 830 Σωκρατες,
1114 723 1314 786 πάντες
1342 718 1637 790 ἅνθρωποι
1666 718 1756 773 καὶ
1786 714 1921 771 κατὰ
1946 703 2028 797 τόΞ

331 823 489 888 σῶμα
519 818 607 871 καὶ
638 811 775 870 κατὰ
798 810 901 883 τὴν
920 809 1130 881 ψυχήν,
1154 806 1245 861 καὶ
1265 799 1488 858 ἐπειδὰν
1505 804 1568 856 ἔν
1586 821 1694 855 τινι
1715 796 1896 872 ἡλικίᾳ
1916 799 2028 878 γε’-ξ]4

332 920 555 968 νωνται,
576 901 777 951 τίκτειν
796 897 1060 963 ἐπιθυμεῖ
1079 887 1238 961 ἡμῶν
1257 883 1288 956 ἡ
1312 884 1490 955 φύσις.
1531 887 1733 938 τίκτειν
1753 880 1811 937 δε
1832 881 1892 935 ἐν
1910 859 2028 986 μὲυῑ

334 986 540 1054 αἰσχρῷ
572 977 639 1034 ού
667 978 925 1047 δύναται,
965 977 1026 1030 ἐν
1058 972 1116 1029 δὲ
1145 976 1221 1040 τῷ
1256 973 1420 1037 καλῷ.
1479 963 1511 1036 ἡ
1543 963 1649 1035 γὰρ
1685 962 1886 1031 ἀνδρὸς
1922 961 2028 1038 καὶ·ξ

333 1060 599 1135 γυναικὸς
629 1062 901 1116 συνουσία
929 1056 1089 1119 τόκος
1120 1055 1284 1109 ἐστίν.
1338 1053 1450 1104 ἔστι
1479 1047 1538 1103 δε
1566 1053 1728 1102 τοῦτο
1759 1053 1919 1101 θεῖον
1949 1039 2028 1102 τὸἔ

335 1152 588 1216 πρᾶγμα,
621 1143 709 1197 καὶ
730 1146 892 1195 τοῦτο
916 1140 976 1193 ἐν
994 1142 1189 1209 θνητῷ
1209 1133 1328 1190 ὄντι
1351 1154 1425 1205 τῳ
1447 1130 1565 1204 ζώφ
1586 1129 1875 1185 ἀθάνατον
1894 1129 2028 1183 ἕνε-

336 1245 485 1296 στιν,
530 1222 563 1297 ἡ
595 1223 787 1295 κύησις
818 1222 908 1277 καὶ
938 1217 970 1291 ἡ
1008 1220 1276 1290 γέννησις.
1335 1213 1401 1269 τὰ
1434 1212 1482 1269 6’
1507 1216 1567 1268 ἐν
1586 1235 1659 1268 τω
1684 1205 2028 1281 ἀναρμόστῳὲ

271 1325 305 1367 D
337 1309 618 1368 ἀδύνατον
637 1307 915 1378 γενέσθαι.
956 1300 1307 1372 ἀνάρμοστον
1328 1295 1375 1354 δ’
1397 1298 1508 1354 ἐστὶ
1525 1293 1585 1351 τὸ
1608 1292 1834 1365 αἰσχρὸν
1855 1290 2028 1367 παντὶξ

337 1400 415 1449 τῶ
444 1395 609 1463 θείῳ,
648 1387 709 1444 τὸ
743 1386 801 1443 δε
830 1383 1005 1442 καλὸν
1036 1380 1328 1454 ἁρμόττον.
1383 1387 1574 1450 Μοῖρα
1603 1398 1708 1432 ουν
1728 1376 1816 1430 καὶ
1835 1371 2028 1429 Εἰλεί-

339 1483 476 1532 θυια
492 1471 525 1545 ἡ
546 1470 787 1541 καλλονή
807 1472 918 1526 ε’στι
934 1474 999 1539 τῇ
1016 1468 1240 1537 γενέσει.
1277 1464 1364 1520 δια
1381 1482 1578 1518 ταυτα·
1602 1459 1736 1515 ὅταν
1753 1478 1852 1527 μεν
1868 1458 2028 1531 καλςιΐς

341 1555 687 1628 προσπελάζῃ
708 1551 768 1608 τὸ
790 1557 994 1621 κυοῦν,
1014 1548 1180 1605 msa-:v
1198 1568 1254 1602 τε
1273 1551 1515 1617 γίγνεται
1538 1545 1625 1598 καὶ
1648 1537 2028 1610 ευφραινόμε-

345 1662 443 1697 νον
475 1643 734 1708 διαχεῖται
763 1637 853 1690 καὶ
882 1638 1047 1689 τίκτει
1078 1654 1135 1687 τε
1167 1632 1256 1686 καὶ
1295 1635 1492 1701 γεννᾷ·
1531 1625 1666 1682 ὅταν
1702 1622 1759 1678 δε
1797 1622 2028 1694 αἰσχρῷ,

343 1719 689 1790 σκυθρωπόν
718 1739 775 1773 τε
805 1718 895 1773 καὶ
925 1715 1279 1786 λυπούμενον
1301 1714 1660 1778 συσπειρᾶται
1681 1706 1770 1761 καὶ
1790 1700 2028 1775 o'cnoms'*

343 1824 500 1860 πεται
529 1804 620 1858 καὶ
652 1799 956 1856 ἀνείλλεται
985 1800 1074 1855 καὶ
1094 1795 1162 1854 οὐ
1181 1800 1381 1867 γεννᾷ,
1421 1790 1558 1848 αλλά
1579 1798 1735 1860 ἱσχον
1755 1784 1814 1842 τό
1838 1785 2028 1861 κύημα

345 1890 592 1959 χαλεπῶς
623 1885 794 1953 φέρει.
852 1880 993 1936 ὅθεν
1022 1878 1088 1949 δὴ
1121 1885 1199 1951 τῷ
1229 1881 1466 1933 κυοῦντί
1488 1895 1545 1929 τε
1576 1873 1667 1928 καὶ
1704 1869 1808 1941 ἤδη
1847 1866 2028 1933 σπαοὲ

289 1982 319 2022 Ε
347 1990 517 2043 γωντι
544 1965 717 2036 πολλὴ
750 1961 783 2035 ἡ
817 1967 1063 2033 πτοίησις
1091 1962 1286 2032 γέγονε
1316 1955 1520 2027 περὶτὰ
1543 1952 1717 2010 καλὸν
1736 1953 1824 2007 διὰ
1845 1948 1904 2004 τὸ
1928 1969 2028 2018 με·Ι

294 2113 299 2115 ,
348 2053 519 2125 γάλης
541 2048 737 2113 ὠδῖνος
757 2044 1022 2102 απολύειν
1042 2042 1140 2099 τὸν
1163 2048 1369 2113 ἔχοντα.
1428 2042 1542 2093 ἔστι
1560 2035 1666 2105 γάρ
1681 2076 1695 2102 ,
1728 2027 1771 2087 ὦ
1791 2030 2028 2100 Σώκρα·ἐ

351 2158 465 2205 τες,
491 2139 594 2205 ἔφη
610 2175 625 2204 ,
649 2128 718 2187 ού
736 2136 837 2185 τοῦ
856 2123 1077 2184 καλοῦ“
1052 2149 1080 2182 ο
1104 2130 1269 2194 ἔρως,
1294 2121 1366 2187 ὡς
1385 2138 1456 2176 συ
1481 2126 1596 2174 οἴει.
1648 2114 1804 2170 Ἀλλα
1824 2117 1878 2167 τί
1892 2132 2027 2182 μην
2023 2101 2028 2167 f

359 2225 468 2290 Της
495 2214 807 2289 γεννήσεως
837 2212 928 2267 καὶ
956 2215 1057 2265 τοῦ
1085 2207 1254 2263 τόκου
1285 2209 1345 2262 ἐν
1377 2210 1454 2278 τῷ
1481 2206 1646 2275 καλῷ.
1703 2195 1861 2264 Εἶεν,
1881 2197 1954 2264 ἡν
1975 2196 2005 2246 6

354 2299 476 2372 ἐγώ.
528 2297 691 2354 Πάνυ
710 2317 809 2367 μεν
829 2288 961 2363 οὖν,
1001 2296 1123 2363 ἔφη.
1178 2313 1229 2346 τι
1221 2286 1314 2360 ’δὴ
1337 2281 1440 2343 οὖν
1459 2290 1554 2355 τῆς
1578 2279 1912 2354 γεννήσεως;
1947 2295 2007 2331 οτ

356 2381 597 2452 ἀειγενές
626 2381 739 2433 ἐστι
770 2378 860 2433 καὶ
892 2374 1181 2431 ἄθανατον
1202 2369 1274 2436 ὡς
1292 2373 1483 2441 θνητῷ
1504 2363 1536 2437 ἡ
1560 2367 1827 2436 γέννησις.
1883 2339 2028 2412 αθα-ιι

240 2476 323 2523 207
358 2470 549 2528 νασίας
571 2463 628 2519 δε
649 2460 952 2531 αναγκαῖον
971 2461 1266 2527 ἐπιθυμειν
1283 2450 1417 2525 μετὰ
1439 2447 1660 2521 αγαθοῦ
1677 2448 1735 2501 ἐκ
1753 2447 1864 2498 ταῖν
1885 2437 2023 2509 ὡμο-

358 2549 696 2618 λογημένων,
720 2552 871 2612 εἴπερ
891 2547 991 2598 τοῦ
1012 2539 1235 2611 αγαθοῦ
1255 2539 1432 2609 ἑαυτῷ
1451 2532 1590 2589 εἶναι
1610 2528 1692 2585 αεὶ
1712 2531 1846 2597 ἔρως
1866 2525 2021 2579 ἐστίν

359 2629 661 2700 αναγκαῖον
691 2625 757 2697 δὴ
790 2629 849 2681 ἐκ
884 2625 1086 2680 τούτου
1115 2627 1217 2678 τοῦ
1246 2618 1444 2689 λόγου,
1482 2615 1572 2670 καὶ
1599 2617 1693 2683 τῆς
1722 2607 2002 2664 αθανασία

360 2711 459 2768 τὸν
478 2716 650 2782 ἔρωτα
673 2708 825 2765 εἶναι.

500 2799 682 2851 XXVI.
748 2790 932 2846 Ταῦτα
950 2810 1008 2845 τε
1029 2782 1132 2845 οὖν
1151 2806 1330 2841 παντα
1352 2780 1604 2839 ἐδίδασκέ
1618 2797 1701 2847 με,
1724 2773 1889 2830 ὁπότε
1911 2792 2011 2840 περ
