2028 3198
341 211 444 264 132
955 209 1432 258 ΠΛΑΤΩΝΟΣ

476 350 649 400 ΠΡΩ.
700 346 808 397 Καὶ
828 348 1011 407 καλῶς
1028 363 1089 412 γε
1111 343 1362 414 εἰρήκατε
1381 341 1448 398 τὰ
1468 349 1606 414 νῦν,
1629 343 1894 416 φήσομεν.

475 444 603 493 Σῼ.
656 433 884 506 Ὀρθῶς.
923 435 1090 491 πάλιν
1119 442 1311 492 τοίνυν
1344 436 1477 507 μετὰ
1498 444 1661 493 τοῦτο
1681 437 1784 509 τὴν
1803 439 2018 512 φρόνη-

335 538 426 576 σιν
445 521 535 575 καὶ
557 516 656 573 τὸν
674 525 815 572 νοῦν
835 515 1210 588 ἀνερωτητέον
1224 539 1234 550 ·
1263 513 1352 589 ἆρ’
1376 516 1598 589 ἡδονῶν
1615 542 1667 575 τι
1684 525 2018 591 προσδεῖσθε

334 605 395 657 ἐν
414 608 483 675 τῇ
503 600 832 672 συγκράσεις
872 610 1076 670 φαῖμεν
1095 595 1168 654 ἂν
1187 594 1260 654 αὖ
1288 598 1389 655 τὸν
1407 607 1550 656 νοῦν
1567 623 1625 656 τε
1645 603 1736 656 καὶ
1755 601 1856 672 τὴν
1875 602 2021 672 φρό-

335 701 499 756 νησιν
518 681 918 751 ἀνερωτῶντες.
959 687 1163 752 ποίων,
1203 694 1368 751 φαῖεν
1387 678 1458 737 ἄν
1479 690 1635 752 ἴσως,
1665 681 1914 754 ἡδονῶν;

477 783 646 835 ΠΡΩ.
707 777 890 841 Εἰκός.

477 880 605 930 ΣΩ.
652 871 712 928 Ὁ
745 876 807 927 δέ
833 870 888 942 γ’
919 870 1180 974 ἡμέτερος
1208 871 1371 941 λόγος
1399 869 1531 942 μετὰ
1561 869 1712 926 τοῦτ’
1744 873 1890 927 ἐστὶν
1909 870 2019 928 ὅδε..

335 955 473 1027 πρὸς
501 968 616 1020 ταῖς
645 953 912 1026 ἀληθέσιν
942 957 1172 1018 ἐκείναις
1199 951 1453 1024 ἡδοναῖς,
1495 952 1775 1024 φήσομεν,
1819 947 1910 1023 ἀρ’
1945 959 2023 1010 ἔτι

337 1037 667 1137 προσδεῖσθ’
688 1034 822 1107 ὑμῖν
841 1034 937 1100 τὰς
956 1037 1211 1106 μεγίστας
1232 1033 1436 1105 ἡδονας
1457 1040 1752 1100 συνοίκους
1771 1034 1910 1090 εἶναι
1930 1039 2022 1091 καὶ

336 1143 433 1185 τας
451 1120 857 1191 σφοδροτάτας;
899 1119 990 1172 καὶ
1019 1138 1245 1186 πως,ω
1231 1116 1591 1186 ’Σωκρατες,
1639 1129 1803 1186 φαῖεν
1833 1118 1930 1187 ἄν,
1968 1122 2027 1173 αί

334 1202 390 1273 γ’
423 1199 797 1273 ἐμποδίσματά
828 1221 885 1254 τε
914 1204 1083 1270 μυριά
1111 1196 1243 1269 ἡμῖν
1271 1202 1486 1268 ἔχουσι,
1524 1196 1620 1261 τὰς
1650 1196 1828 1268 ψυχας
1861 1201 1919 1253 ἐν
1941 1195 2025 1263 αἷς

336 1289 601 1355 οἰκοῦμεν
618 1282 987 1354 ταράττουσαι
1008 1278 1097 1334 διὰ
1118 1277 1352 1350 μανικὰς
1370 1277 1604 1350 ἡδονάς,
1625 1280 1715 1335 καὶ
1734 1285 2028 1350 γίγνεσθαί

337 1388 394 1422 τε
412 1363 557 1438 ἡμᾶς
574 1364 678 1437 τὴν
706 1363 882 1435 ἀρχὴν
908 1358 1012 1418 ὀὐκ
1034 1366 1178 1431 ἐῶσι,
1200 1362 1266 1416 τά
1287 1383 1345 1416 τε
1365 1361 1667 1431 γιγνόμενα
1685 1357 1843 1433 ἡμῶν
1861 1365 2024 1418 τέκνα

339 1449 410 1515 ὡς
430 1447 492 1502 τὸ
515 1447 690 1517 πολύ,
724 1445 800 1500 δι’
833 1445 1091 1515 άμέλειαν
1111 1445 1297 1515 λήθην
1316 1445 1669 1514 ἐμποιοῦσαι,
1709 1445 2026 1500 παντάπασι

339 1533 793 1600 διαφθείρουσινξ
837 1525 961 1581 ἄλλ’
994 1524 1059 1590 ἅς
1088 1548 1150 1595 γε
1179 1523 1386 1595 ἡδονὰς
1413 1523 1639 1595 ἀληθεῖς
1658 1526 1748 1580 καὶ
1771 1526 2026 1596 καθαρὰς

341 1607 441 1679 [ἃς]
463 1608 634 1680 εἶπες,
674 1606 870 1679 σχεδὸν
891 1613 1092 1673 οἰκείας
1113 1606 1245 1678 ἡμῖν
1273 1607 1487 1678 νόμιζε,
1523 1608 1612 1662 καὶ
1642 1606 1781 1678 πρὸς
1804 1609 2027 1672 ταύταις

337 1695 435 1757 τὰς
454 1689 583 1762 μεθ’
607 1688 817 1761 ὑγιείας
835 1691 927 1745 καὶ
945 1696 1046 1745 τοῦ
1068 1701 1410 1760 σωφρονεῖν,
1432 1690 1523 1745 καὶ
1541 1689 1606 1761 δὴ
1628 1690 1719 1745 καὶ
1740 1691 2026 1762 ξυμπάσης

337 1772 534 1843 ἀρετῆς
569 1770 773 1828 ὁπόσαι
812 1772 1069 1840 καθάπερ
1108 1777 1250 1827 θεοῦ
1289 1769 1486 1827 ὀπαδοὶ
1526 1772 1850 1843 γιγνόμεναι
1885 1772 2027 1847 αὐτῇ

337 1859 829 1909 συνακολουθοῦσι
860 1853 1067 1924 πάντῃ,
1107 1853 1307 1918 ταύτας
1335 1859 1528 1924 μίγνυ·
1574 1852 1670 1919 τὰς
1698 1859 1730 1910 δ
1739 1853 1752 1874 '
1792 1853 1876 1911 ἀεὶ
1906 1862 2025 1927 μετ’

337 1934 663 2006 ἀφροσύνης
701 1937 793 1988 καὶ
829 1940 923 2002 τῆς
966 1933 1133 2003 ἄλλης
1168 1939 1362 1998 κακίας
1398 1937 1666 2004 ἑπομένας
1702 1937 1878 2007 πολλή
1917 1959 2026 1993 που

338 2017 531 2087 άλογία
570 2021 648 2088 τῷ
679 2020 759 2087 νῷ
791 2014 1055 2085 μιγνύναι
1081 2013 1183 2070 τὸν
1210 2016 1558 2086 βουλόμενον
1588 2017 1622 2072 ὅ
1649 2041 1700 2072 τι
1729 2025 2026 2090 καλλίστην

256 2118 313 2161 64
341 2098 530 2154 ἰδόντα
559 2097 651 2150 καὶ
681 2095 1183 2167 άστασιαστοτάτην
1211 2101 1355 2166 μῖξιν
1392 2100 1484 2153 καὶ
1520 2104 1719 2169 κρᾶσιν
1755 2103 1815 2155 ἐν
1851 2101 2025 2172 ταύτῃ

278 2885 312 2930 Β

338 2188 542 2251 μαθεῖν
570 2186 898 2249 πειρασθαι,
937 2183 992 2234 τί
1009 2199 1138 2233 ποτε
1168 2184 1229 2234 ἒν
1257 2201 1314 2233 τε
1331 2178 1618 2254 ἀνθρώπω
1647 2181 1737 2236 καὶ
1764 2203 1839 2236 τω
1862 2184 2025 2237 παντὶ

339 2266 591 2334 πέφυκεν
610 2259 833 2332 ἀγαθὸν
852 2263 944 2316 καὶ
961 2267 1083 2316 τίνα
1105 2264 1257 2316 ἰδέαν
1277 2261 1454 2333 αὐτην
1475 2262 1619 2319 εἷναί
1633 2283 1763 2319 ποτε
1783 2286 2027 2334 μαντευ-

339 2366 481 2399 τεον.
516 2344 609 2440 ἄρ’
639 2341 742 2398 οὐκ
772 2343 1066 2414 ἐμφρόνως
1094 2351 1266 2398 ταῦτα
1295 2346 1385 2400 καὶ
1421 2344 1653 2416 ἐχόντως
1688 2344 1888 2400 ἑαυτὸν
1924 2343 2025 2400 τόν

339 2432 479 2480 νοῦν
500 2423 753 2495 φήσομεν
771 2423 910 2496 ὑπέρ
931 2447 988 2480 τε
1008 2424 1184 2480 αὑτοῦ
1204 2427 1293 2480 καὶ
1313 2425 1528 2497 μνήμης
1552 2427 1643 2481 καὶ
1664 2425 1824 2497 δόξης
1847 2424 2024 2497 ὀρθῆς

341 2505 752 2574 ἀποκρίνασθαι
769 2505 835 2560 τὰ
856 2513 965 2561 νῦν
986 2510 1257 2578 ρηθέντα·
1244 2549 1258 2573 ,

478 2605 650 2655 ΠΡΩ.
709 2601 1040 2657 Παντάπασι
1062 2625 1163 2673 μεν
1183 2596 1305 2657 οὖν.

480 2700 605 2750 ΣΩ.
661 2691 820 2749 Ἀλλὰ
840 2693 951 2764 μὴν
970 2699 1058 2751 καὶ
1079 2697 1205 2752 τόδε
1224 2717 1287 2766 γε
1316 2694 1648 2766 ἀναγκαῖον,
1687 2694 1777 2748 καὶ
1796 2691 1901 2748 οὐκ
1921 2692 2018 2749 ἄλ·-

341 2782 448 2840 λως
467 2773 538 2830 ἄν
556 2795 687 2830 ποτε
704 2778 917 2845 γε’νοιτο
938 2775 1061 2830 οὐδ’
1085 2773 1156 2831 ἂν
1180 2778 1253 2833 ἓν.

478 2873 648 2923 ΙΙΡΩ.
710 2865 784 2922 Τὸ
807 2879 992 2933 ποῖον;
