<?xml version="1.0" encoding="UTF-8"?>
<!DOCTYPE html PUBLIC "-//W3C//DTD XHTML 1.0 Transitional//EN"
    "http://www.w3.org/TR/xhtml1/DTD/xhtml1-transitional.dtd">
<html xmlns="http://www.w3.org/1999/xhtml" xml:lang="en" lang="en">
 <head>
  <title>
</title>
<meta http-equiv="Content-Type" content="text/html;charset=utf-8" />
  <meta name='ocr-system' content='tesseract 3.04.00' />
  <meta name='ocr-capabilities' content='ocr_page ocr_carea ocr_par ocr_line ocrx_word'/>
</head>
<body>
  <div class='ocr_page' id='page_1' title='image "./dialogisecumdumt02platuoft_0184.png"; bbox 0 0 2028 3198; ppageno 0'>
   <div class='ocr_carea' id='block_1_1' title="bbox 300 105 1978 166">
    <p class='ocr_par' dir='ltr' id='par_1_1' title="bbox 300 105 1978 166">
     <span class='ocr_line' id='line_1_1' title="bbox 300 105 1978 166; baseline -0.001 -9"><span class='ocrx_word' id='word_1_1' title='bbox 300 105 402 157; x_wconf 85' lang='lat'><em>154</em></span> <span class='ocrx_word' id='word_1_2' title='bbox 893 109 1374 158; x_wconf 74' lang='grc' dir='ltr'><em>ΠΛΑΤΩΝΟΣ</em></span> <span class='ocrx_word' id='word_1_3' title='bbox 1924 122 1978 166; x_wconf 77' lang='lat'><em>16</em></span> 
     </span>
    </p>
   </div>
   <div class='ocr_carea' id='block_1_2' title="bbox 180 236 2018 2856">
    <p class='ocr_par' dir='ltr' id='par_1_2' title="bbox 180 236 2018 2856">
     <span class='ocr_line' id='line_1_2' title="bbox 296 236 1977 318; baseline 0.004 -23"><span class='ocrx_word' id='word_1_4' title='bbox 296 236 371 296; x_wconf 76' lang='grc' dir='ltr'><em>αὖ</em></span> <span class='ocrx_word' id='word_1_5' title='bbox 391 239 423 312; x_wconf 83' lang='grc' dir='ltr'>ἡ</span> <span class='ocrx_word' id='word_1_6' title='bbox 445 244 835 297; x_wconf 85' lang='grc' dir='ltr'><em>ἐθελοδουλεία</em></span> <span class='ocrx_word' id='word_1_7' title='bbox 857 239 959 296; x_wconf 86' lang='grc' dir='ltr'><em>οῦκ</em></span> <span class='ocrx_word' id='word_1_8' title='bbox 979 239 1174 311; x_wconf 74' lang='grc' dir='ltr'><em>αἰσχροὶ</em></span> <span class='ocrx_word' id='word_1_9' title='bbox 1196 239 1336 296; x_wconf 83' lang='grc' dir='ltr'><em>εἶναι</em></span> <span class='ocrx_word' id='word_1_10' title='bbox 1355 239 1485 298; x_wconf 79' lang='grc' dir='ltr'><em>οὐδὲ</em></span> <span class='ocrx_word' id='word_1_11' title='bbox 1505 250 1777 300; x_wconf 79' lang='grc' dir='ltr'><strong><em>κολακεία.</em></strong></span> <span class='ocrx_word' id='word_1_12' title='bbox 1802 251 1887 302; x_wconf 99' lang='grc' dir='ltr'><em>δεῖ</em></span> <span class='ocrx_word' id='word_1_13' title='bbox 1910 248 1977 318; x_wconf 79' lang='grc' dir='ltr'><em>δὴ</em></span> 
     </span>
     <span class='ocr_line' id='line_1_3' title="bbox 298 320 1979 398; baseline 0.004 -22"><span class='ocrx_word' id='word_1_14' title='bbox 298 322 372 378; x_wconf 79' lang='grc' dir='ltr'><em>τω</em></span> <span class='ocrx_word' id='word_1_15' title='bbox 394 322 545 392; x_wconf 82' lang='grc' dir='ltr'><em>νόμω</em></span> <span class='ocrx_word' id='word_1_16' title='bbox 566 320 742 377; x_wconf 85' lang='grc' dir='ltr'><em>τούτω</em></span> <span class='ocrx_word' id='word_1_17' title='bbox 763 327 1062 394; x_wconf 77' lang='grc' dir='ltr'><em>ξυμβαλεῖν</em></span> <span class='ocrx_word' id='word_1_18' title='bbox 1082 328 1156 388; x_wconf 84' lang='grc' dir='ltr'><em>εἰς</em></span> <span class='ocrx_word' id='word_1_19' title='bbox 1174 320 1368 394; x_wconf 83' lang='grc' dir='ltr'><em>ταύτό,</em></span> <span class='ocrx_word' id='word_1_20' title='bbox 1391 324 1489 380; x_wconf 91' lang='grc' dir='ltr'><em>τόν</em></span> <span class='ocrx_word' id='word_1_21' title='bbox 1507 345 1565 380; x_wconf 90' lang='grc' dir='ltr'><em>τε</em></span> <span class='ocrx_word' id='word_1_22' title='bbox 1584 329 1708 396; x_wconf 86' lang='grc' dir='ltr'><em>περὶ</em></span> <span class='ocrx_word' id='word_1_23' title='bbox 1729 325 1830 398; x_wconf 81' lang='grc' dir='ltr'><em>τὴν</em></span> <span class='ocrx_word' id='word_1_24' title='bbox 1848 348 1979 383; x_wconf 89' lang='grc' dir='ltr'><em>παι-</em></span> 
     </span>
     <span class='ocr_line' id='line_1_4' title="bbox 230 403 1979 481; baseline 0.005 -23.005"><span class='ocrx_word' id='word_1_25' title='bbox 230 418 264 458; x_wconf 97' lang='lat' dir='ltr'>D</span> <span class='ocrx_word' id='word_1_26' title='bbox 298 408 591 473; x_wconf 88' lang='grc' dir='ltr'><em>δεραστίαν</em></span> <span class='ocrx_word' id='word_1_27' title='bbox 615 405 707 459; x_wconf 85' lang='grc' dir='ltr'><em>καὶ</em></span> <span class='ocrx_word' id='word_1_28' title='bbox 737 403 836 459; x_wconf 86' lang='grc' dir='ltr'><em>τὸν</em></span> <span class='ocrx_word' id='word_1_29' title='bbox 866 406 989 476; x_wconf 85' lang='grc' dir='ltr'><em>περὶ</em></span> <span class='ocrx_word' id='word_1_30' title='bbox 1009 404 1111 476; x_wconf 82' lang='grc' dir='ltr'><em>τὴν</em></span> <span class='ocrx_word' id='word_1_31' title='bbox 1140 411 1480 477; x_wconf 84' lang='grc' dir='ltr'><em>φιλοσοφίαν</em></span> <span class='ocrx_word' id='word_1_32' title='bbox 1499 429 1556 462; x_wconf 89' lang='grc' dir='ltr'><em>τε</em></span> <span class='ocrx_word' id='word_1_33' title='bbox 1574 410 1663 464; x_wconf 83' lang='grc' dir='ltr'><em>καὶ</em></span> <span class='ocrx_word' id='word_1_34' title='bbox 1682 411 1783 480; x_wconf 78' lang='grc' dir='ltr'><em>τὴν</em></span> <span class='ocrx_word' id='word_1_35' title='bbox 1805 408 1979 481; x_wconf 74' lang='grc' dir='ltr'><em>ἄλλην</em></span> 
     </span>
     <span class='ocr_line' id='line_1_5' title="bbox 294 484 1978 567; baseline 0.006 -29"><span class='ocrx_word' id='word_1_36' title='bbox 294 484 524 556; x_wconf 70' lang='grc' dir='ltr'><em>ἀρετήν,</em></span> <span class='ocrx_word' id='word_1_37' title='bbox 566 490 616 540; x_wconf 84' lang='grc' dir='ltr'><em>εἰ</em></span> <span class='ocrx_word' id='word_1_38' title='bbox 648 488 851 567; x_wconf 58' lang='grc' dir='ltr'><em>μέλλε(6</em></span> <span class='ocrx_word' id='word_1_39' title='bbox 867 490 1139 559; x_wconf 82' lang='grc' dir='ltr'><em>ξυμβῆναι</em></span> <span class='ocrx_word' id='word_1_40' title='bbox 1173 486 1347 544; x_wconf 85' lang='grc' dir='ltr'><em>καλὸν</em></span> <span class='ocrx_word' id='word_1_41' title='bbox 1381 492 1644 560; x_wconf 84' lang='grc' dir='ltr'><em>γενέσθαι</em></span> <span class='ocrx_word' id='word_1_42' title='bbox 1679 493 1740 547; x_wconf 84' lang='grc' dir='ltr'><em>τὸ</em></span> <span class='ocrx_word' id='word_1_43' title='bbox 1778 496 1978 565; x_wconf 81' lang='grc' dir='ltr'><em>ἐραστῇ</em></span> 
     </span>
     <span class='ocr_line' id='line_1_6' title="bbox 293 566 1978 647; baseline 0.007 -27"><span class='ocrx_word' id='word_1_44' title='bbox 293 566 522 621; x_wconf 85' lang='grc' dir='ltr'><em>παιδικα</em></span> <span class='ocrx_word' id='word_1_45' title='bbox 551 572 900 639; x_wconf 87' lang='grc' dir='ltr'><em>χαρίσασθαι.</em></span> <span class='ocrx_word' id='word_1_46' title='bbox 941 567 1079 624; x_wconf 83' lang='grc' dir='ltr'><em>ὅταν</em></span> <span class='ocrx_word' id='word_1_47' title='bbox 1107 569 1214 639; x_wconf 77' lang='grc' dir='ltr'><em>γὰρ</em></span> <span class='ocrx_word' id='word_1_48' title='bbox 1243 575 1317 636; x_wconf 84' lang='grc' dir='ltr'><em>εἰς</em></span> <span class='ocrx_word' id='word_1_49' title='bbox 1344 571 1406 627; x_wconf 82' lang='grc' dir='ltr'><em>τὸ</em></span> <span class='ocrx_word' id='word_1_50' title='bbox 1428 571 1563 629; x_wconf 79' lang='grc' dir='ltr'><em>αὐτὸ</em></span> <span class='ocrx_word' id='word_1_51' title='bbox 1586 579 1828 630; x_wconf 81' lang='grc' dir='ltr'><em>ἔλθωσιν</em></span> <span class='ocrx_word' id='word_1_52' title='bbox 1848 578 1978 647; x_wconf 88' lang='grc' dir='ltr'><em>ἐρα-</em></span> 
     </span>
     <span class='ocr_line' id='line_1_7' title="bbox 295 649 1976 728; baseline 0.006 -25"><span class='ocrx_word' id='word_1_53' title='bbox 295 649 426 720; x_wconf 86' lang='grc' dir='ltr'><em>στής</em></span> <span class='ocrx_word' id='word_1_54' title='bbox 447 670 504 704; x_wconf 91' lang='grc' dir='ltr'><em>τε</em></span> <span class='ocrx_word' id='word_1_55' title='bbox 536 651 625 704; x_wconf 86' lang='grc' dir='ltr'><em>καὶ</em></span> <span class='ocrx_word' id='word_1_56' title='bbox 646 651 900 720; x_wconf 87' lang='grc' dir='ltr'><em>παιδικα,</em></span> <span class='ocrx_word' id='word_1_57' title='bbox 922 651 1099 722; x_wconf 91' lang='grc' dir='ltr'><em>νόμον</em></span> <span class='ocrx_word' id='word_1_58' title='bbox 1119 657 1257 722; x_wconf 83' lang='grc' dir='ltr'><em>ε”χων</em></span> <span class='ocrx_word' id='word_1_59' title='bbox 1277 654 1558 725; x_wconf 79' lang='grc' dir='ltr'><em>ἑκάτερος,</em></span> <span class='ocrx_word' id='word_1_60' title='bbox 1579 654 1608 711; x_wconf 97' lang='lat'><em>6</em></span> <span class='ocrx_word' id='word_1_61' title='bbox 1629 679 1730 727; x_wconf 85' lang='grc' dir='ltr'><em>μεν</em></span> <span class='ocrx_word' id='word_1_62' title='bbox 1746 674 1976 728; x_wconf 83' lang='grc' dir='ltr'><em>χαρισα-</em></span> 
     </span>
     <span class='ocr_line' id='line_1_8' title="bbox 290 730 1973 808; baseline 0.004 -22"><span class='ocrx_word' id='word_1_63' title='bbox 290 735 476 802; x_wconf 83' lang='grc' dir='ltr'><em>μένοις</em></span> <span class='ocrx_word' id='word_1_64' title='bbox 495 736 764 797; x_wconf 81' lang='grc' dir='ltr'><em>παιδικοῖς</em></span> <span class='ocrx_word' id='word_1_65' title='bbox 785 730 1073 805; x_wconf 74' lang='grc' dir='ltr'><em>ὑπηρετῶν</em></span> <span class='ocrx_word' id='word_1_66' title='bbox 1105 731 1294 790; x_wconf 85' lang='grc' dir='ltr'><em>ὁτιοῦν</em></span> <span class='ocrx_word' id='word_1_67' title='bbox 1325 739 1547 802; x_wconf 80' lang='grc' dir='ltr'><em>δικαίως</em></span> <span class='ocrx_word' id='word_1_68' title='bbox 1576 732 1647 792; x_wconf 71' lang='grc' dir='ltr'><em>ἄν</em></span> <span class='ocrx_word' id='word_1_69' title='bbox 1666 735 1973 808; x_wconf 79' lang='grc' dir='ltr'><em>ὑπηρετεῖν,</em></span> 
     </span>
     <span class='ocr_line' id='line_1_9' title="bbox 290 812 1976 888; baseline 0.002 -18"><span class='ocrx_word' id='word_1_70' title='bbox 290 812 318 870; x_wconf 91' lang='lat'><em>6</em></span> <span class='ocrx_word' id='word_1_71' title='bbox 351 814 408 869; x_wconf 75' lang='grc' dir='ltr'><em>δὲ</em></span> <span class='ocrx_word' id='word_1_72' title='bbox 438 819 515 887; x_wconf 77' lang='grc' dir='ltr'><em>τῷ</em></span> <span class='ocrx_word' id='word_1_73' title='bbox 546 821 797 870; x_wconf 87' lang='grc' dir='ltr'><em>ποιοῦντι</em></span> <span class='ocrx_word' id='word_1_74' title='bbox 826 813 999 870; x_wconf 84' lang='grc' dir='ltr'><em>αὐτὸν</em></span> <span class='ocrx_word' id='word_1_75' title='bbox 1031 816 1212 886; x_wconf 92' lang='grc' dir='ltr'><em>σοφόν</em></span> <span class='ocrx_word' id='word_1_76' title='bbox 1231 839 1289 872; x_wconf 90' lang='grc' dir='ltr'><em>τε</em></span> <span class='ocrx_word' id='word_1_77' title='bbox 1309 820 1399 873; x_wconf 85' lang='grc' dir='ltr'><em>καὶ</em></span> <span class='ocrx_word' id='word_1_78' title='bbox 1422 816 1642 888; x_wconf 77' lang='grc' dir='ltr'><em>ἀγαθὸν</em></span> <span class='ocrx_word' id='word_1_79' title='bbox 1664 822 1883 884; x_wconf 85' lang='grc' dir='ltr'><em>δικαίως</em></span> <span class='ocrx_word' id='word_1_80' title='bbox 1903 814 1976 874; x_wconf 77' lang='grc' dir='ltr'><em>αὖ</em></span> 
     </span>
     <span class='ocr_line' id='line_1_10' title="bbox 293 891 1976 973; baseline 0.006 -25"><span class='ocrx_word' id='word_1_81' title='bbox 293 891 486 949; x_wconf 81' lang='grc' dir='ltr'><em>ὁτιοῦν</em></span> <span class='ocrx_word' id='word_1_82' title='bbox 516 891 586 950; x_wconf 77' lang='grc' dir='ltr'><em>σ’ἰν</em></span> <span class='ocrx_word' id='word_1_83' title='bbox 615 893 946 967; x_wconf 79' lang='grc' dir='ltr'><em>ὑπουργεῖν,</em></span> <span class='ocrx_word' id='word_1_84' title='bbox 979 899 1071 952; x_wconf 85' lang='grc' dir='ltr'><em>καὶ</em></span> <span class='ocrx_word' id='word_1_85' title='bbox 1096 895 1124 953; x_wconf 94' lang='lat'><em>6</em></span> <span class='ocrx_word' id='word_1_86' title='bbox 1154 899 1256 969; x_wconf 79' lang='grc' dir='ltr'><em>μὲν</em></span> <span class='ocrx_word' id='word_1_87' title='bbox 1274 901 1584 971; x_wconf 78' lang='grc' dir='ltr'><em>δυνάμενος</em></span> <span class='ocrx_word' id='word_1_88' title='bbox 1603 906 1678 966; x_wconf 88' lang='grc' dir='ltr'><em>είς</em></span> <span class='ocrx_word' id='word_1_89' title='bbox 1697 902 1976 973; x_wconf 83' lang='grc' dir='ltr'><em>φρόνησιν</em></span> 
     </span>
     <span class='ocr_line' id='line_1_11' title="bbox 228 977 1975 1054; baseline 0.002 -19"><span class='ocrx_word' id='word_1_90' title='bbox 228 996 260 1035; x_wconf 86' lang='grc' dir='ltr'>Ε</span> <span class='ocrx_word' id='word_1_91' title='bbox 293 979 384 1033; x_wconf 81' lang='grc' dir='ltr'><em>καὶ</em></span> <span class='ocrx_word' id='word_1_92' title='bbox 414 979 516 1048; x_wconf 81' lang='grc' dir='ltr'><em>την</em></span> <span class='ocrx_word' id='word_1_93' title='bbox 547 977 721 1050; x_wconf 76' lang='grc' dir='ltr'><em>ἄλλην</em></span> <span class='ocrx_word' id='word_1_94' title='bbox 752 977 955 1051; x_wconf 81' lang='grc' dir='ltr'><em>ἀρετὴν</em></span> <span class='ocrx_word' id='word_1_95' title='bbox 975 980 1418 1052; x_wconf 80' lang='grc' dir='ltr'><em>ξυμβάλλεσθαι,</em></span> <span class='ocrx_word' id='word_1_96' title='bbox 1457 979 1486 1036; x_wconf 88' lang='lat'><em>6</em></span> <span class='ocrx_word' id='word_1_97' title='bbox 1524 982 1582 1038; x_wconf 80' lang='grc' dir='ltr'><em>δὲ</em></span> <span class='ocrx_word' id='word_1_98' title='bbox 1614 984 1871 1054; x_wconf 88' lang='grc' dir='ltr'><em>δεόμενος</em></span> <span class='ocrx_word' id='word_1_99' title='bbox 1900 988 1975 1048; x_wconf 85' lang='grc' dir='ltr'><em>είς</em></span> 
     </span>
     <span class='ocr_line' id='line_1_12' title="bbox 281 1060 1971 1135; baseline 0.001 -17"><span class='ocrx_word' id='word_1_100' title='bbox 281 1064 583 1118; x_wconf 83' lang='grc' dir='ltr'><em>,παίδευσιν</em></span> <span class='ocrx_word' id='word_1_101' title='bbox 601 1064 692 1118; x_wconf 81' lang='grc' dir='ltr'><em>καὶ</em></span> <span class='ocrx_word' id='word_1_102' title='bbox 711 1060 814 1133; x_wconf 84' lang='grc' dir='ltr'><em>τὴν</em></span> <span class='ocrx_word' id='word_1_103' title='bbox 833 1061 1007 1133; x_wconf 75' lang='grc' dir='ltr'><em>ἄλλην</em></span> <span class='ocrx_word' id='word_1_104' title='bbox 1027 1068 1233 1134; x_wconf 86' lang='grc' dir='ltr'><em>σοφίαν</em></span> <span class='ocrx_word' id='word_1_105' title='bbox 1252 1070 1507 1135; x_wconf 75' lang='grc' dir='ltr'><em>κτᾶσθαι,</em></span> <span class='ocrx_word' id='word_1_106' title='bbox 1532 1064 1653 1120; x_wconf 89' lang='grc' dir='ltr'><em>τότε</em></span> <span class='ocrx_word' id='word_1_107' title='bbox 1673 1063 1737 1135; x_wconf 83' lang='grc' dir='ltr'><em>δὴ</em></span> <span class='ocrx_word' id='word_1_108' title='bbox 1759 1065 1971 1120; x_wconf 87' lang='grc' dir='ltr'><em>τούτων</em></span> 
     </span>
     <span class='ocr_line' id='line_1_13' title="bbox 291 1140 1973 1217; baseline 0.003 -21"><span class='ocrx_word' id='word_1_109' title='bbox 291 1140 595 1207; x_wconf 81' lang='grc' dir='ltr'><em>ξυνιόντων</em></span> <span class='ocrx_word' id='word_1_110' title='bbox 617 1147 694 1207; x_wconf 89' lang='grc' dir='ltr'><em>είς</em></span> <span class='ocrx_word' id='word_1_111' title='bbox 722 1140 928 1198; x_wconf 84' lang='grc' dir='ltr'><em>ταῦτὸν</em></span> <span class='ocrx_word' id='word_1_112' title='bbox 956 1149 1068 1198; x_wconf 77' lang='grc' dir='ltr'><em>τῶν</em></span> <span class='ocrx_word' id='word_1_113' title='bbox 1090 1145 1281 1215; x_wconf 90' lang='grc' dir='ltr'><em>νόμων</em></span> <span class='ocrx_word' id='word_1_114' title='bbox 1300 1152 1550 1217; x_wconf 90' lang='grc' dir='ltr'><em>μοναχοῦ</em></span> <span class='ocrx_word' id='word_1_115' title='bbox 1569 1148 1816 1201; x_wconf 90' lang='grc' dir='ltr'><em>ἐνταῦθα</em></span> <span class='ocrx_word' id='word_1_116' title='bbox 1837 1151 1973 1217; x_wconf 85' lang='grc' dir='ltr'><em>ξυμ-</em></span> 
     </span>
     <span class='ocr_line' id='line_1_14' title="bbox 289 1223 1974 1301; baseline 0.002 -22"><span class='ocrx_word' id='word_1_117' title='bbox 289 1229 472 1280; x_wconf 89' lang='grc' dir='ltr'><em>πίπτει</em></span> <span class='ocrx_word' id='word_1_118' title='bbox 491 1223 551 1280; x_wconf 86' lang='grc' dir='ltr'>τό</span> <span class='ocrx_word' id='word_1_119' title='bbox 574 1223 746 1281; x_wconf 80' lang='grc' dir='ltr'><em>καλὸν</em></span> <span class='ocrx_word' id='word_1_120' title='bbox 766 1224 904 1281; x_wconf 82' lang='grc' dir='ltr'><em>εἶναι</em></span> <span class='ocrx_word' id='word_1_121' title='bbox 923 1225 1148 1281; x_wconf 79' lang='grc' dir='ltr'><em>παιδικὰ</em></span> <span class='ocrx_word' id='word_1_122' title='bbox 1180 1229 1379 1301; x_wconf 85' lang='grc' dir='ltr'><em>ἐραστῇ</em></span> <span class='ocrx_word' id='word_1_123' title='bbox 1398 1234 1749 1300; x_wconf 89' lang='grc' dir='ltr'><em>χαρίσασθαι,</em></span> <span class='ocrx_word' id='word_1_124' title='bbox 1773 1229 1974 1285; x_wconf 80' lang='grc' dir='ltr'><em>ἄλλοθι</em></span> 
     </span>
     <span class='ocr_line' id='line_1_15' title="bbox 292 1306 1969 1382; baseline 0.001 -20"><span class='ocrx_word' id='word_1_125' title='bbox 292 1309 350 1363; x_wconf 78' lang='grc' dir='ltr'><em>δὲ</em></span> <span class='ocrx_word' id='word_1_126' title='bbox 371 1306 636 1379; x_wconf 79' lang='grc' dir='ltr'><em>οὐδαμοῦ.</em></span> <span class='ocrx_word' id='word_1_127' title='bbox 677 1308 762 1363; x_wconf 85' lang='grc' dir='ltr'><em>ἐπὶ</em></span> <span class='ocrx_word' id='word_1_128' title='bbox 790 1307 967 1380; x_wconf 78' lang='grc' dir='ltr'><em>τούτῳ</em></span> <span class='ocrx_word' id='word_1_129' title='bbox 990 1309 1080 1364; x_wconf 88' lang='grc' dir='ltr'><em>καὶ</em></span> <span class='ocrx_word' id='word_1_130' title='bbox 1102 1311 1511 1382; x_wconf 79' lang='grc' dir='ltr'><em>ἐξαπατηθῆναι</em></span> <span class='ocrx_word' id='word_1_131' title='bbox 1530 1309 1697 1367; x_wconf 75' lang='grc' dir='ltr'><em>οὐδὲν</em></span> <span class='ocrx_word' id='word_1_132' title='bbox 1717 1312 1969 1382; x_wconf 83' lang='grc' dir='ltr'><em>αἰσχρόν·</em></span> 
     </span>
     <span class='ocr_line' id='line_1_16' title="bbox 289 1389 1972 1467; baseline 0.001 -22"><span class='ocrx_word' id='word_1_133' title='bbox 289 1392 372 1446; x_wconf 82' lang='grc' dir='ltr'><em>ε’πὶ</em></span> <span class='ocrx_word' id='word_1_134' title='bbox 394 1391 452 1446; x_wconf 77' lang='grc' dir='ltr'><em>δὲ</em></span> <span class='ocrx_word' id='word_1_135' title='bbox 482 1402 594 1456; x_wconf 89' lang='grc' dir='ltr'><em>τοῖς</em></span> <span class='ocrx_word' id='word_1_136' title='bbox 622 1389 810 1455; x_wconf 77' lang='grc' dir='ltr'><em>ἄλλοις</em></span> <span class='ocrx_word' id='word_1_137' title='bbox 839 1397 973 1446; x_wconf 78' lang='grc' dir='ltr'><em>πᾶσι</em></span> <span class='ocrx_word' id='word_1_138' title='bbox 1002 1392 1092 1447; x_wconf 87' lang='grc' dir='ltr'><em>καὶ</em></span> <span class='ocrx_word' id='word_1_139' title='bbox 1113 1395 1506 1467; x_wconf 79' lang='grc' dir='ltr'><em>ἐξαπατωμένῳ</em></span> <span class='ocrx_word' id='word_1_140' title='bbox 1530 1393 1798 1463; x_wconf 82' lang='grc' dir='ltr'><em>αἰσχύνην</em></span> <span class='ocrx_word' id='word_1_141' title='bbox 1818 1396 1972 1463; x_wconf 81' lang='grc' dir='ltr'><em>φέρει</em></span> 
     </span>
     <span class='ocr_line' id='line_1_17' title="bbox 180 1471 1971 1550; baseline -0.002 -19"><span class='ocrx_word' id='word_1_142' title='bbox 180 1487 260 1531; x_wconf 78' lang='lat'><em>185</em></span> <span class='ocrx_word' id='word_1_143' title='bbox 291 1475 381 1528; x_wconf 84' lang='grc' dir='ltr'><em>καὶ</em></span> <span class='ocrx_word' id='word_1_144' title='bbox 400 1474 490 1544; x_wconf 85' lang='grc' dir='ltr'><em>μή.</em></span> <span class='ocrx_word' id='word_1_145' title='bbox 514 1478 563 1529; x_wconf 84' lang='grc' dir='ltr'><em>εί</em></span> <span class='ocrx_word' id='word_1_146' title='bbox 579 1474 685 1544; x_wconf 76' lang='grc' dir='ltr'><em>γάρ</em></span> <span class='ocrx_word' id='word_1_147' title='bbox 710 1496 787 1538; x_wconf 89' lang='grc' dir='ltr'><em>τις</em></span> <span class='ocrx_word' id='word_1_148' title='bbox 819 1476 1020 1546; x_wconf 81' lang='grc' dir='ltr'><em>ἐραστῇ</em></span> <span class='ocrx_word' id='word_1_149' title='bbox 1042 1471 1115 1539; x_wconf 79' lang='grc' dir='ltr'><em>ὦς</em></span> <span class='ocrx_word' id='word_1_150' title='bbox 1146 1483 1390 1550; x_wconf 78' lang='grc' dir='ltr'><em>πλουσίῳ</em></span> <span class='ocrx_word' id='word_1_151' title='bbox 1416 1475 1661 1549; x_wconf 82' lang='grc' dir='ltr'><em>πλούτου</em></span> <span class='ocrx_word' id='word_1_152' title='bbox 1692 1476 1851 1531; x_wconf 83' lang='grc' dir='ltr'><em>ε’νεκα</em></span> <span class='ocrx_word' id='word_1_153' title='bbox 1870 1497 1971 1545; x_wconf 84' lang='grc' dir='ltr'><em>χα-</em></span> 
     </span>
     <span class='ocr_line' id='line_1_18' title="bbox 289 1555 1971 1629; baseline 0 -19"><span class='ocrx_word' id='word_1_154' title='bbox 289 1556 579 1627; x_wconf 83' lang='grc' dir='ltr'><em>ρισάμενος</em></span> <span class='ocrx_word' id='word_1_155' title='bbox 618 1559 978 1628; x_wconf 83' lang='grc' dir='ltr'><em>ἐξαπατηθείη</em></span> <span class='ocrx_word' id='word_1_156' title='bbox 1009 1559 1099 1613; x_wconf 85' lang='grc' dir='ltr'><em>καὶ</em></span> <span class='ocrx_word' id='word_1_157' title='bbox 1134 1556 1205 1629; x_wconf 83' lang='grc' dir='ltr'><em>μὴ</em></span> <span class='ocrx_word' id='word_1_158' title='bbox 1246 1558 1407 1629; x_wconf 78' lang='grc' dir='ltr'><em>λάβοι</em></span> <span class='ocrx_word' id='word_1_159' title='bbox 1443 1558 1715 1629; x_wconf 85' lang='grc' dir='ltr'><em>χρήματα,</em></span> <span class='ocrx_word' id='word_1_160' title='bbox 1750 1555 1971 1626; x_wconf 82' lang='grc' dir='ltr'><em>ἀναφα-</em></span> 
     </span>
     <span class='ocr_line' id='line_1_19' title="bbox 290 1638 1974 1712; baseline 0 -19"><span class='ocrx_word' id='word_1_161' title='bbox 290 1641 478 1703; x_wconf 86' lang='grc' dir='ltr'><em>νέντος</em></span> <span class='ocrx_word' id='word_1_162' title='bbox 507 1647 609 1694; x_wconf 89' lang='grc' dir='ltr'><em>τοῦ</em></span> <span class='ocrx_word' id='word_1_163' title='bbox 639 1643 874 1710; x_wconf 82' lang='grc' dir='ltr'><em>ἐραστοῦ</em></span> <span class='ocrx_word' id='word_1_164' title='bbox 894 1643 1142 1711; x_wconf 83' lang='grc' dir='ltr'><em>πένητος,</em></span> <span class='ocrx_word' id='word_1_165' title='bbox 1165 1638 1331 1697; x_wconf 78' lang='grc' dir='ltr'><em>οὐδὲν</em></span> <span class='ocrx_word' id='word_1_166' title='bbox 1353 1643 1518 1712; x_wconf 81' lang='grc' dir='ltr'><em>ἦττον</em></span> <span class='ocrx_word' id='word_1_167' title='bbox 1536 1639 1785 1709; x_wconf 82' lang='grc' dir='ltr'><em>αἰσχρόν·</em></span> <span class='ocrx_word' id='word_1_168' title='bbox 1822 1643 1974 1694; x_wconf 85' lang='grc' dir='ltr'><em>δοκεῖ</em></span> 
     </span>
     <span class='ocr_line' id='line_1_20' title="bbox 290 1719 1969 1793; baseline 0 -18"><span class='ocrx_word' id='word_1_169' title='bbox 290 1719 396 1790; x_wconf 72' lang='grc' dir='ltr'><em>γὰρ</em></span> <span class='ocrx_word' id='word_1_170' title='bbox 419 1719 446 1775; x_wconf 92' lang='grc' dir='ltr'>ὁ</span> <span class='ocrx_word' id='word_1_171' title='bbox 468 1728 715 1787; x_wconf 88' lang='grc' dir='ltr'><em>τοιοῦτος</em></span> <span class='ocrx_word' id='word_1_172' title='bbox 734 1722 798 1778; x_wconf 92' lang='grc' dir='ltr'><em>τό</em></span> <span class='ocrx_word' id='word_1_173' title='bbox 817 1744 878 1793; x_wconf 77' lang='grc' dir='ltr'><em>γε</em></span> <span class='ocrx_word' id='word_1_174' title='bbox 899 1722 1074 1779; x_wconf 83' lang='grc' dir='ltr'><em>αὑτοῦ</em></span> <span class='ocrx_word' id='word_1_175' title='bbox 1094 1723 1410 1792; x_wconf 81' lang='grc' dir='ltr'><em>ἐπιδεῖξαι,</em></span> <span class='ocrx_word' id='word_1_176' title='bbox 1391 1722 1473 1778; x_wconf 91' lang='grc' dir='ltr'><em>ότι</em></span> <span class='ocrx_word' id='word_1_177' title='bbox 1493 1723 1656 1778; x_wconf 84' lang='grc' dir='ltr'><em>ε’νεκα</em></span> <span class='ocrx_word' id='word_1_178' title='bbox 1675 1721 1969 1793; x_wconf 79' lang='grc' dir='ltr'><em>χρημάτων</em></span> 
     </span>
     <span class='ocr_line' id='line_1_21' title="bbox 290 1799 1969 1875; baseline 0.001 -20"><span class='ocrx_word' id='word_1_179' title='bbox 290 1799 481 1856; x_wconf 87' lang='grc' dir='ltr'><em>ὁτιοῦν</em></span> <span class='ocrx_word' id='word_1_180' title='bbox 502 1800 573 1857; x_wconf 68' lang='grc' dir='ltr'><em>ἄν</em></span> <span class='ocrx_word' id='word_1_181' title='bbox 594 1801 810 1874; x_wconf 77' lang='grc' dir='ltr'><em>ὁτῳοῦν</em></span> <span class='ocrx_word' id='word_1_182' title='bbox 831 1802 1117 1875; x_wconf 81' lang='grc' dir='ltr'><em>ὑπηρετοῖ,</em></span> <span class='ocrx_word' id='word_1_183' title='bbox 1139 1813 1301 1861; x_wconf 89' lang='grc' dir='ltr'><em>τοῦτο</em></span> <span class='ocrx_word' id='word_1_184' title='bbox 1324 1808 1382 1861; x_wconf 81' lang='grc' dir='ltr'><em>δὲ</em></span> <span class='ocrx_word' id='word_1_185' title='bbox 1403 1803 1470 1860; x_wconf 84' lang='grc' dir='ltr'><em>οὐ</em></span> <span class='ocrx_word' id='word_1_186' title='bbox 1489 1804 1677 1860; x_wconf 89' lang='grc' dir='ltr'><em>καλόν.</em></span> <span class='ocrx_word' id='word_1_187' title='bbox 1713 1800 1849 1858; x_wconf 76' lang='grc' dir='ltr'><em>κατὰ</em></span> <span class='ocrx_word' id='word_1_188' title='bbox 1871 1801 1969 1858; x_wconf 88' lang='grc' dir='ltr'><em>τὸν</em></span> 
     </span>
     <span class='ocr_line' id='line_1_22' title="bbox 288 1881 1970 1960; baseline 0.002 -23"><span class='ocrx_word' id='word_1_189' title='bbox 288 1881 462 1938; x_wconf 82' lang='grc' dir='ltr'><em>αὐτὸν</em></span> <span class='ocrx_word' id='word_1_190' title='bbox 482 1883 548 1954; x_wconf 87' lang='grc' dir='ltr'><em>δὴ</em></span> <span class='ocrx_word' id='word_1_191' title='bbox 574 1882 746 1954; x_wconf 78' lang='grc' dir='ltr'><em>λόγον</em></span> <span class='ocrx_word' id='word_1_192' title='bbox 765 1881 870 1940; x_wconf 72' lang='grc' dir='ltr'><em>κᾶν</em></span> <span class='ocrx_word' id='word_1_193' title='bbox 891 1893 1037 1950; x_wconf 80' lang='grc' dir='ltr'><em>εἴτις</em></span> <span class='ocrx_word' id='word_1_194' title='bbox 1065 1883 1135 1950; x_wconf 82' lang='grc' dir='ltr'><em>ὡς</em></span> <span class='ocrx_word' id='word_1_195' title='bbox 1155 1885 1356 1960; x_wconf 74' lang='grc' dir='ltr'><em>ἀγαθῷ</em></span> <span class='ocrx_word' id='word_1_196' title='bbox 1374 1887 1738 1956; x_wconf 76' lang='grc' dir='ltr'><em>χαρισάμενος</em></span> <span class='ocrx_word' id='word_1_197' title='bbox 1757 1887 1846 1940; x_wconf 84' lang='grc' dir='ltr'><em>καὶ</em></span> <span class='ocrx_word' id='word_1_198' title='bbox 1865 1883 1970 1940; x_wconf 80' lang='grc' dir='ltr'><em>αὐ-</em></span> 
     </span>
     <span class='ocr_line' id='line_1_23' title="bbox 287 1962 1969 2038; baseline 0.001 -19"><span class='ocrx_word' id='word_1_199' title='bbox 287 1966 379 2029; x_wconf 89' lang='grc' dir='ltr'><em>τὸς</em></span> <span class='ocrx_word' id='word_1_200' title='bbox 400 1962 472 2029; x_wconf 82' lang='grc' dir='ltr'><em>ὦς</em></span> <span class='ocrx_word' id='word_1_201' title='bbox 492 1966 739 2036; x_wconf 80' lang='grc' dir='ltr'><em>ἀμείνων</em></span> <span class='ocrx_word' id='word_1_202' title='bbox 755 1965 1016 2038; x_wconf 85' lang='grc' dir='ltr'><em>ἐσόμενος</em></span> <span class='ocrx_word' id='word_1_203' title='bbox 1036 1965 1123 2021; x_wconf 78' lang='grc' dir='ltr'><em>διὰ</em></span> <span class='ocrx_word' id='word_1_204' title='bbox 1145 1989 1245 2037; x_wconf 91' lang='grc' dir='ltr'><em>την</em></span> <span class='ocrx_word' id='word_1_205' title='bbox 1265 1973 1455 2037; x_wconf 88' lang='grc' dir='ltr'><em>φιλίαν</em></span> <span class='ocrx_word' id='word_1_206' title='bbox 1474 1974 1576 2022; x_wconf 89' lang='grc' dir='ltr'><em>τοῦ</em></span> <span class='ocrx_word' id='word_1_207' title='bbox 1594 1970 1828 2033; x_wconf 87' lang='grc' dir='ltr'><em>ἐραστοῦ</em></span> <span class='ocrx_word' id='word_1_208' title='bbox 1846 1969 1969 2031; x_wconf 82' lang='grc' dir='ltr'><em>ἐξα-</em></span> 
     </span>
     <span class='ocr_line' id='line_1_24' title="bbox 230 2045 1967 2153; baseline -0.001 -50"><span class='ocrx_word' id='word_1_209' title='bbox 230 2064 261 2103; x_wconf 91' lang='grc' dir='ltr'><em>Β</em></span> <span class='ocrx_word' id='word_1_210' title='bbox 294 2052 581 2118; x_wconf 87' lang='grc' dir='ltr'><em>πατηθείη,</em></span> <span class='ocrx_word' id='word_1_211' title='bbox 604 2045 983 2118; x_wconf 81' lang='grc' dir='ltr'><em>ἀναφανέντος</em></span> <span class='ocrx_word' id='word_1_212' title='bbox 1003 2050 1216 2104; x_wconf 89' lang='grc' dir='ltr'><em>ἐκείνου</em></span> <span class='ocrx_word' id='word_1_213' title='bbox 1235 2055 1413 2104; x_wconf 85' lang='grc' dir='ltr'><em>κακοῦ</em></span> <span class='ocrx_word' id='word_1_214' title='bbox 1431 2050 1520 2104; x_wconf 83' lang='grc' dir='ltr'><em>καὶ</em></span> <span class='ocrx_word' id='word_1_215' title='bbox 1545 2046 1613 2103; x_wconf 82' lang='grc' dir='ltr'><em>οῦ</em></span> <span class='ocrx_word' id='word_1_216' title='bbox 1633 2050 1967 2153; x_wconf 82' lang='grc' dir='ltr'><em>κεκτημένου</em></span> 
     </span>
     <span class='ocr_line' id='line_1_25' title="bbox 288 2125 1960 2227; baseline 0.001 -43"><span class='ocrx_word' id='word_1_217' title='bbox 288 2128 519 2201; x_wconf 76' lang='grc' dir='ltr'><em>ἀρετήν,</em></span> <span class='ocrx_word' id='word_1_218' title='bbox 560 2128 706 2227; x_wconf 83' lang='grc' dir='ltr'><em>όμως</em></span> <span class='ocrx_word' id='word_1_219' title='bbox 737 2128 875 2200; x_wconf 87' lang='grc' dir='ltr'><em>καλὴ</em></span> <span class='ocrx_word' id='word_1_220' title='bbox 907 2128 940 2201; x_wconf 83' lang='grc' dir='ltr'>ἡ</span> <span class='ocrx_word' id='word_1_221' title='bbox 972 2129 1173 2201; x_wconf 78' lang='grc' dir='ltr'><em>απάτη·</em></span> <span class='ocrx_word' id='word_1_222' title='bbox 1214 2135 1369 2186; x_wconf 88' lang='grc' dir='ltr'><em>δοκεῖ</em></span> <span class='ocrx_word' id='word_1_223' title='bbox 1392 2152 1498 2200; x_wconf 79' lang='grc' dir='ltr'><em>γαρ</em></span> <span class='ocrx_word' id='word_1_224' title='bbox 1519 2125 1591 2185; x_wconf 80' lang='grc' dir='ltr'><em>αὗ</em></span> <span class='ocrx_word' id='word_1_225' title='bbox 1613 2132 1703 2186; x_wconf 87' lang='grc' dir='ltr'><em>καὶ</em></span> <span class='ocrx_word' id='word_1_226' title='bbox 1725 2133 1886 2195; x_wconf 86' lang='grc' dir='ltr'><em>οὑτος</em></span> <span class='ocrx_word' id='word_1_227' title='bbox 1904 2129 1960 2185; x_wconf 75' lang='grc' dir='ltr'><em>τὸ</em></span> 
     </span>
     <span class='ocr_line' id='line_1_26' title="bbox 289 2210 1969 2285; baseline 0 -18"><span class='ocrx_word' id='word_1_228' title='bbox 289 2211 423 2268; x_wconf 79' lang='grc' dir='ltr'><em>καθ’</em></span> <span class='ocrx_word' id='word_1_229' title='bbox 446 2210 620 2268; x_wconf 83' lang='grc' dir='ltr'><em>αὑτὸν</em></span> <span class='ocrx_word' id='word_1_230' title='bbox 642 2211 1070 2284; x_wconf 87' lang='grc' dir='ltr'><em>δεδηλωκέναι,</em></span> <span class='ocrx_word' id='word_1_231' title='bbox 1050 2211 1133 2268; x_wconf 88' lang='grc' dir='ltr'><em>ότι</em></span> <span class='ocrx_word' id='word_1_232' title='bbox 1155 2212 1345 2285; x_wconf 87' lang='grc' dir='ltr'><em>αρετῆς</em></span> <span class='ocrx_word' id='word_1_233' title='bbox 1366 2215 1412 2284; x_wconf 78' lang='grc' dir='ltr'><em>γ’</em></span> <span class='ocrx_word' id='word_1_234' title='bbox 1434 2215 1594 2270; x_wconf 80' lang='grc' dir='ltr'><em>ἕνεκα</em></span> <span class='ocrx_word' id='word_1_235' title='bbox 1613 2215 1702 2270; x_wconf 85' lang='grc' dir='ltr'><em>καὶ</em></span> <span class='ocrx_word' id='word_1_236' title='bbox 1720 2220 1821 2269; x_wconf 92' lang='grc' dir='ltr'><em>τοῦ</em></span> <span class='ocrx_word' id='word_1_237' title='bbox 1840 2219 1969 2284; x_wconf 88' lang='grc' dir='ltr'><em>βελ-</em></span> 
     </span>
     <span class='ocr_line' id='line_1_27' title="bbox 290 2289 1967 2368; baseline -0.001 -19"><span class='ocrx_word' id='word_1_238' title='bbox 290 2299 423 2350; x_wconf 89' lang='grc' dir='ltr'><em>τίων</em></span> <span class='ocrx_word' id='word_1_239' title='bbox 451 2297 714 2364; x_wconf 80' lang='grc' dir='ltr'><em>γενέσθαι</em></span> <span class='ocrx_word' id='word_1_240' title='bbox 742 2302 854 2350; x_wconf 74' lang='grc' dir='ltr'><em>πᾶν</em></span> <span class='ocrx_word' id='word_1_241' title='bbox 875 2292 944 2350; x_wconf 71' lang='grc' dir='ltr'><em>ἄν</em></span> <span class='ocrx_word' id='word_1_242' title='bbox 963 2298 1125 2351; x_wconf 86' lang='grc' dir='ltr'><em>παντὶ</em></span> <span class='ocrx_word' id='word_1_243' title='bbox 1154 2301 1574 2368; x_wconf 83' lang='grc' dir='ltr'><em>προθυμηθείη,</em></span> <span class='ocrx_word' id='word_1_244' title='bbox 1613 2303 1776 2352; x_wconf 89' lang='grc' dir='ltr'><em>τοῦτο</em></span> <span class='ocrx_word' id='word_1_245' title='bbox 1807 2296 1865 2351; x_wconf 77' lang='grc' dir='ltr'><em>δὲ</em></span> <span class='ocrx_word' id='word_1_246' title='bbox 1895 2289 1967 2349; x_wconf 79' lang='grc' dir='ltr'><em>αὖ</em></span> 
     </span>
     <span class='ocr_line' id='line_1_28' title="bbox 290 2376 1966 2448; baseline 0.001 -18"><span class='ocrx_word' id='word_1_247' title='bbox 290 2377 516 2432; x_wconf 76' lang='grc' dir='ltr'><em>πάντων</em></span> <span class='ocrx_word' id='word_1_248' title='bbox 546 2377 865 2433; x_wconf 79' lang='grc' dir='ltr'><em>κάλλιστον·</em></span> <span class='ocrx_word' id='word_1_249' title='bbox 905 2377 1052 2434; x_wconf 77' lang='grc' dir='ltr'><em>οὕτω</em></span> <span class='ocrx_word' id='word_1_250' title='bbox 1083 2378 1299 2443; x_wconf 79' lang='grc' dir='ltr'><em>πάντως</em></span> <span class='ocrx_word' id='word_1_251' title='bbox 1317 2400 1378 2447; x_wconf 65' lang='grc' dir='ltr'><em>’,νε</em></span> <span class='ocrx_word' id='word_1_252' title='bbox 1398 2376 1575 2435; x_wconf 86' lang='grc' dir='ltr'><em>καλὸν</em></span> <span class='ocrx_word' id='word_1_253' title='bbox 1596 2377 1788 2448; x_wconf 76' lang='grc' dir='ltr'><em>ἀρετῆς</em></span> <span class='ocrx_word' id='word_1_254' title='bbox 1807 2379 1966 2432; x_wconf 79' lang='grc' dir='ltr'><em>ἕνεκα</em></span> 
     </span>
     <span class='ocr_line' id='line_1_29' title="bbox 292 2452 1966 2531; baseline 0.001 -20"><span class='ocrx_word' id='word_1_255' title='bbox 292 2463 622 2530; x_wconf 82' lang='grc' dir='ltr'><em>χαρίζεσθαι.</em></span> <span class='ocrx_word' id='word_1_256' title='bbox 665 2452 828 2523; x_wconf 83' lang='grc' dir='ltr'><em>οῦτός</em></span> <span class='ocrx_word' id='word_1_257' title='bbox 867 2462 1014 2515; x_wconf 87' lang='grc' dir='ltr'><em>ε’στιν</em></span> <span class='ocrx_word' id='word_1_258' title='bbox 1044 2457 1071 2515; x_wconf 92' lang='lat'><em>6</em></span> <span class='ocrx_word' id='word_1_259' title='bbox 1109 2467 1201 2531; x_wconf 82' lang='grc' dir='ltr'><em>τῆς</em></span> <span class='ocrx_word' id='word_1_260' title='bbox 1232 2458 1495 2531; x_wconf 80' lang='grc' dir='ltr'><em>οὐρανίας</em></span> <span class='ocrx_word' id='word_1_261' title='bbox 1532 2466 1672 2515; x_wconf 88' lang='grc' dir='ltr'><em>θεοῦ</em></span> <span class='ocrx_word' id='word_1_262' title='bbox 1710 2464 1844 2529; x_wconf 84' lang='grc' dir='ltr'><em>ἔρως</em></span> <span class='ocrx_word' id='word_1_263' title='bbox 1878 2460 1966 2513; x_wconf 82' lang='grc' dir='ltr'><em>καὶ</em></span> 
     </span>
     <span class='ocr_line' id='line_1_30' title="bbox 291 2537 1964 2610; baseline -0.001 -16"><span class='ocrx_word' id='word_1_264' title='bbox 291 2537 551 2610; x_wconf 80' lang='grc' dir='ltr'><em>οὐράνιος</em></span> <span class='ocrx_word' id='word_1_265' title='bbox 589 2543 678 2595; x_wconf 87' lang='grc' dir='ltr'><em>καὶ</em></span> <span class='ocrx_word' id='word_1_266' title='bbox 710 2548 918 2596; x_wconf 92' lang='grc' dir='ltr'><em>πολλοῦ</em></span> <span class='ocrx_word' id='word_1_267' title='bbox 950 2541 1096 2607; x_wconf 76' lang='grc' dir='ltr'><em>ἄξιος</em></span> <span class='ocrx_word' id='word_1_268' title='bbox 1117 2543 1206 2598; x_wconf 83' lang='grc' dir='ltr'><em>καὶ</em></span> <span class='ocrx_word' id='word_1_269' title='bbox 1235 2542 1391 2598; x_wconf 90' lang='grc' dir='ltr'><em>πόλει</em></span> <span class='ocrx_word' id='word_1_270' title='bbox 1420 2543 1509 2598; x_wconf 85' lang='grc' dir='ltr'><em>καὶ</em></span> <span class='ocrx_word' id='word_1_271' title='bbox 1530 2541 1791 2610; x_wconf 76' lang='grc' dir='ltr'><em>ἰδιώταις,</em></span> <span class='ocrx_word' id='word_1_272' title='bbox 1829 2546 1964 2594; x_wconf 92' lang='grc' dir='ltr'><em>πολ-</em></span> 
     </span>
     <span class='ocr_line' id='line_1_31' title="bbox 291 2616 2018 2696; baseline -0.001 -20"><span class='ocrx_word' id='word_1_273' title='bbox 291 2620 395 2692; x_wconf 85' lang='grc' dir='ltr'><em>λὴν</em></span> <span class='ocrx_word' id='word_1_274' title='bbox 425 2623 730 2692; x_wconf 90' lang='grc' dir='ltr'><em>ἐπιμέλειαν</em></span> <span class='ocrx_word' id='word_1_275' title='bbox 762 2622 1086 2693; x_wconf 72' lang='grc' dir='ltr'><em>ἀναγκάζων</em></span> <span class='ocrx_word' id='word_1_276' title='bbox 1117 2633 1396 2679; x_wconf 87' lang='grc' dir='ltr'><em>ποιεῖσθαι</em></span> <span class='ocrx_word' id='word_1_277' title='bbox 1415 2622 1552 2696; x_wconf 84' lang='grc' dir='ltr'><em>πρὸς</em></span> <span class='ocrx_word' id='word_1_278' title='bbox 1572 2623 1771 2692; x_wconf 76' lang='grc' dir='ltr'><em>ἀρετὴν</em></span> <span class='ocrx_word' id='word_1_279' title='bbox 1791 2621 1888 2675; x_wconf 89' lang='grc' dir='ltr'><em>τόν</em></span> <span class='ocrx_word' id='word_1_280' title='bbox 1906 2642 1963 2676; x_wconf 86' lang='grc' dir='ltr'><em>τε</em></span> <span class='ocrx_word' id='word_1_281' title='bbox 2012 2616 2018 2621; x_wconf 51' lang='grc'><em>”</em></span> 
     </span>
     <span class='ocr_line' id='line_1_32' title="bbox 230 2702 1959 2775; baseline -0.002 -16"><span class='ocrx_word' id='word_1_282' title='bbox 230 2718 265 2758; x_wconf 80' lang='lat' dir='ltr'>C</span> <span class='ocrx_word' id='word_1_283' title='bbox 296 2706 508 2773; x_wconf 71' lang='grc' dir='ltr'><em>ἐρῶντα</em></span> <span class='ocrx_word' id='word_1_284' title='bbox 529 2702 702 2760; x_wconf 79' lang='grc' dir='ltr'><em>αὐτὸν</em></span> <span class='ocrx_word' id='word_1_285' title='bbox 722 2704 899 2760; x_wconf 86' lang='grc' dir='ltr'><em>αὑτοῦ</em></span> <span class='ocrx_word' id='word_1_286' title='bbox 925 2709 1014 2760; x_wconf 85' lang='grc' dir='ltr'><em>καὶ</em></span> <span class='ocrx_word' id='word_1_287' title='bbox 1043 2704 1139 2761; x_wconf 84' lang='grc' dir='ltr'><em>τὸν</em></span> <span class='ocrx_word' id='word_1_288' title='bbox 1159 2705 1459 2775; x_wconf 79' lang='grc' dir='ltr'><em>ἐρώμενον·</em></span> <span class='ocrx_word' id='word_1_289' title='bbox 1481 2708 1539 2759; x_wconf 78' lang='lat' dir='ltr'><em>oc</em></span> <span class='ocrx_word' id='word_1_290' title='bbox 1554 2702 1606 2758; x_wconf 85' lang='grc' dir='ltr'><em>δ’</em></span> <span class='ocrx_word' id='word_1_291' title='bbox 1628 2705 1804 2771; x_wconf 78' lang='grc' dir='ltr'><em>ἕτεροι</em></span> <span class='ocrx_word' id='word_1_292' title='bbox 1822 2703 1959 2757; x_wconf 74' lang='grc' dir='ltr'><em>ποίν-</em></span> 
     </span>
     <span class='ocr_line' id='line_1_33' title="bbox 287 2781 1962 2856; baseline 0.001 -17"><span class='ocrx_word' id='word_1_293' title='bbox 287 2807 373 2849; x_wconf 91' lang='grc' dir='ltr'><em>τες</em></span> <span class='ocrx_word' id='word_1_294' title='bbox 391 2793 485 2856; x_wconf 85' lang='grc' dir='ltr'><em>τῆς</em></span> <span class='ocrx_word' id='word_1_295' title='bbox 506 2787 716 2854; x_wconf 81' lang='grc' dir='ltr'><em>ἑτέρας,</em></span> <span class='ocrx_word' id='word_1_296' title='bbox 748 2792 843 2855; x_wconf 85' lang='grc' dir='ltr'><em>τῆς</em></span> <span class='ocrx_word' id='word_1_297' title='bbox 865 2787 1171 2856; x_wconf 84' lang='grc' dir='ltr'><em>πανδήμου.</em></span> <span class='ocrx_word' id='word_1_298' title='bbox 1208 2788 1380 2842; x_wconf 75' lang='grc' dir='ltr'><em>ταῦτά</em></span> <span class='ocrx_word' id='word_1_299' title='bbox 1403 2803 1515 2854; x_wconf 87' lang='grc' dir='ltr'><em>σοι,</em></span> <span class='ocrx_word' id='word_1_300' title='bbox 1537 2789 1640 2854; x_wconf 81' lang='grc' dir='ltr'><em>ἔφη</em></span> <span class='ocrx_word' id='word_1_301' title='bbox 1655 2826 1668 2853; x_wconf 94' lang='grc'><em>,</em></span> <span class='ocrx_word' id='word_1_302' title='bbox 1694 2781 1766 2849; x_wconf 78' lang='grc' dir='ltr'><em>ὡς</em></span> <span class='ocrx_word' id='word_1_303' title='bbox 1783 2788 1840 2839; x_wconf 86' lang='grc' dir='ltr'><em>ἐκ</em></span> <span class='ocrx_word' id='word_1_304' title='bbox 1861 2791 1962 2840; x_wconf 89' lang='grc' dir='ltr'><em>τοῦ</em></span> 
     </span>
    </p>
   </div>
  </div>
 </body>
</html>
