2028 3198
67 54 70 58 .
121 25 170 49 „m-
233 30 277 44 -0

0 109 11 139 ³
63 122 150 169 ,ιοι
710 113 1097 162 ΦΑΙΑΡΟΣ.
1131 110 1147 119 ·
1568 165 1571 171 ,
1645 109 1753 161 239

66 248 308 320 δύναμιν
325 245 360 304 ὅ
375 270 428 304 τι
443 251 704 317 καλλίστη
720 248 812 301 καὶ
829 243 1023 316 ἀρίστη
1041 247 1259 302 δέδοταί
1270 266 1329 300 τε
1343 245 1436 301 καὶ
1453 245 1750 301 ἐκτέτισται

67 334 400 405 παλινῳδία,
435 330 504 386 τά
538 350 598 388 τε
633 327 774 384 ἄλλα
802 329 893 383 καὶ
919 338 1033 392 τοῖς
1059 325 1330 398 ὀνόμασιν
1356 324 1751 399 ἠναγκασμένη

68 425 367 484 ποιητικοῖς
394 413 502 468 τισὶ
530 408 619 467 διὰ
641 413 889 479 Φαῖδρον
917 415 1191 482 εἰρῆσθαι.
1246 408 1386 466 ἀλλὰ
1416 417 1531 467 τῶν
1549 414 1752 481 προτέ-

70 514 188 564 ρων
214 515 273 549 τε
298 492 637 564 συγγνώμην
664 493 755 548 καὶ
782 496 959 549 τῶνδε
986 494 1148 565 χάριν
1179 498 1346 565 ἔχων,
1389 491 1623 565 εὐμενὴς
1657 496 1751 549 καὶ

71 579 227 641 ῐλεως
253 574 357 647 τὴν
381 577 652 648 ἐρωτικήν
683 598 775 647 μοι
794 579 1020 648 τέχνην,
1055 575 1127 649 ἣν
1145 581 1380 647 ἔδωκας,
1418 576 1551 647 μήτε
1572 574 1750 648 ἀφέλῃ

68 657 203 730 μήτε
221 657 482 731 πηρώσῃς
502 657 575 714 δι’
598 657 798 731 ὀργήν,
834 662 992 714 δίδου
1014 658 1067 715 δ’
1089 665 1167 716 ἔτι
1186 666 1400 730 μᾶλλον
1416 655 1454 730 ἦ
1472 667 1582 715 νῦν
1599 659 1747 727 παρὰ

63 752 178 807 τοῖς
211 748 400 807 καλοῖς
434 747 615 814 τίμιον
650 742 804 799 εἶναι.
858 749 936 815 τῷ
963 741 1215 811 πρόσθεν
1245 738 1298 795 δ’
1333 749 1450 797 εἴτι
1478 741 1626 816 λόγῳ
1657 759 1745 797 σοι
1772 749 1808 791 Β

65 824 272 898 ἀπηνὲς
294 834 523 898 εἴπομεν
544 827 786 897 Φαῖδρός
804 849 861 883 τε
880 827 970 881 καὶ
989 823 1095 893 ἐγώ
1108 866 1123 893 ,
1163 828 1382 879 Λυσίαν
1397 822 1499 879 τὸν
1515 831 1616 880 τοῦ
1647 825 1747 881 λό-

65 929 171 978 γου
188 912 395 976 πατέρα
415 909 737 980 αἰτιώμενος
755 915 899 964 παῦε
917 913 1030 961 τῶν
1043 904 1312 961 τοιούτων
1324 906 1527 975 λόγων,
1547 909 1635 963 ἐπὶ
1652 929 1747 978 φι-

66 996 340 1060 λοσοφίαν
356 994 442 1062 δέ,
475 991 659 1062 ὥσπερ
679 991 707 1046 ὁ
730 988 969 1061 ἀδελφὸς
990 987 1167 1044 αὐτοῦ
1183 990 1539 1061 Πολέμαρχος
1554 991 1748 1060 τέτρα-

70 1092 222 1143 πται,
260 1075 467 1142 τρέψον
481 1116 495 1141 ,
530 1077 624 1128 ἵνα
643 1075 732 1130 καὶ
753 1071 782 1130 ὁ
804 1071 1034 1144 ἐραστὴς
1054 1071 1148 1128 ὅδε
1170 1071 1346 1128 αὐτοῦ
1363 1074 1555 1144 μηκέτι
1574 1075 1747 1143 ἐπαμ-

57 1160 320 1234 ’φοτερίζῃ
338 1156 595 1226 καθάπερ
614 1162 750 1226 νῦν,
773 1151 885 1211 ἀλλ’
908 1151 1092 1219 ἁπλῶς
1113 1153 1251 1226 πρὸς
1267 1153 1478 1226 Ἔρωτα
1495 1153 1631 1228 μετὰ
1653 1177 1751 1226 φι-

68 1237 330 1307 λοσόφων
352 1237 535 1307 λόγων
560 1236 659 1293 τὸν
677 1243 804 1310 βίον
823 1243 1054 1308 ποιῆται.

207 1326 436 1376 xxxm
512 1326 662 1376 ΦΑι.
719 1320 1206 1390 Συνεύχομαίσοι,
1241 1312 1288 1374 ὦ
1308 1319 1630 1390 Σώκρατες,
1669 1327 1749 1376 ει-

68 1423 171 1471 περ
190 1402 420 1474 ἇμεινον
440 1402 609 1459 ταῦθ’
630 1401 762 1474 ἡμῖν
786 1402 951 1473 εἶναι,
982 1409 1154 1457 ταῦτα
1172 1408 1478 1472 γίγνεσθαι.
1529 1399 1631 1458 τόν
1649 1402 1749 1459 λό-
1780 1410 1813 1452 G

66 1506 171 1555 γον
200 1487 266 1542 δέ
280 1502 385 1541 σου
405 1486 571 1541 πάλαι
589 1486 886 1557 θαυμάσας
905 1488 1034 1555 ἔχω,
1075 1482 1188 1556 ὅσω
1208 1490 1410 1540 καλλίω
1430 1491 1531 1540 τοῦ
1550 1487 1748 1555 προτέ-

71 1585 175 1633 ρου
209 1563 553 1636 άπειργάσω·
593 1565 731 1622 ὥστε
769 1565 919 1623 ὀκνῶ
955 1567 1028 1638 μή
1066 1588 1159 1636 μοι
1193 1563 1221 1621 ὁ
1250 1572 1461 1632 Λυσίας
1490 1567 1750 1632 ταπεινὸς

69 1654 252 1719 φανῇ,
285 1650 384 1703 ἐὰν
402 1648 510 1717 ἄρα
531 1651 621 1705 καὶ
642 1650 881 1723 ἐθελήσῃ
902 1646 1040 1715 πρὸς
1061 1645 1234 1704 αὐτὸν
1253 1647 1425 1704 ἄλλον
1443 1647 1748 1720 άντιπαρα-

68 1740 254 1784 τεῖναι.
291 1732 380 1785 καὶ
401 1731 506 1801 γάρ
526 1754 606 1797 τις
625 1730 828 1803 αὐτόν,
862 1726 907 1788 ὦ
924 1731 1204 1804 θαυμάσιε
1217 1774 1232 1803 ,
1263 1736 1491 1804 ἔναγχος
1508 1740 1623 1789 τοῖν
1640 1754 1747 1790 πο·-

70 1818 297 1868 λιτικῶν
315 1812 468 1868 τοῦτ’
493 1813 627 1871 αὐτὸ
653 1819 924 1883 λοιδορῶν
943 1812 1208 1885 (ὀνείδιζε,
1230 1815 1322 1870 καὶ
1342 1814 1433 1870 διὰ
1451 1815 1632 1886 πάσης
1650 1820 1746 1887 τῆς

68 1897 345 1962 λοιδορίας
377 1896 557 1952 ἐκάλει
586 1898 965 1968 λογογράφον·
1003 1894 1126 1967 τάχ’
1157 1891 1262 1952 οὖν
1289 1894 1361 1952 ἄν
1389 1894 1498 1953 ὑπὸ
1533 1905 1748 1968 φιλοτι-

64 1981 190 2046 μίας
208 1978 418 2048 έπίσχοι
435 1976 566 2050 ἡμῖν
584 1974 656 2035 ἂν
674 1987 777 2035 τοῦ
793 1982 1047 2051 γράφειν.

42 2094 46 2097 ·
203 2064 328 2116 ΣΩ.
379 2062 611 2118 Γελοῖόν
633 2060 709 2133 γ’,
734 2057 779 2118 ὦ
802 2068 1022 2133 νεανία,
1046 2061 1108 2118 τὸ
1131 2062 1308 2133 δόγμα
1326 2065 1516 2131 λέγεις,
1537 2063 1629 2117 καὶ
1647 2067 1749 2117 τοῦ

8 2183 10 2188 .
66 2141 286 2212 ἑταίρου
316 2141 524 2213 συχνὸν
554 2144 966 2215 διαμαρτάνεις,
1006 2151 1056 2202 εἰ
1083 2143 1256 2200 αὐτὸν
1284 2142 1463 2209 οὕτως
1481 2140 1607 2214 ἡγεῖ
1619 2140 1742 2199 τινὰ
1775 2159 1812 2202 Ι)

65 2226 331 2291 ψοφοδεᾰ.
386 2232 517 2290 ἴσως
536 2226 594 2282 δὲ
614 2228 705 2282 καὶ
722 2226 823 2282 τὸν
843 2227 1278 2298 λοιδορούμενον
1295 2223 1449 2299 αὐτῷ
1467 2233 1570 2282 οῖει
1588 2232 1747 2298 νομί-

66 2309 226 2371 ζοντα
248 2308 427 2375 λέγειν
446 2304 482 2362 ὃ
502 2313 702 2378 ἔλεγεν.

206 2393 358 2443 ΦΑῙ.
412 2387 694 2459 Ἐφαίνετο
730 2391 865 2461 γάρ,
906 2386 950 2447 ὦ
980 2392 1276 2462 Σώκρατες
1291 2411 1303 2424 ·
1336 2391 1428 2447 καὶ
1465 2390 1746 2448 σύνοισθά

22 2490 175 2550 ζεπου
206 2472 295 2525 καὶ
327 2468 494 2535 αὐτὸς
513 2468 597 2526 ὅτι
616 2476 673 2528 οἱ
688 2476 947 2543 μέγιστον
967 2473 1273 2543 δυνάμενοί
1286 2495 1344 2529 τε
1362 2475 1453 2531 καὶ
1474 2474 1747 2546 σεμνότα-

61 2571 148 2607 τοι
178 2554 237 2606 ἐν
269 2565 383 2616 ταῖς
410 2553 644 2609 πόλεσιν
675 2555 1028 2626 αἰσχύνονται
1055 2556 1258 2629 λόγους
1286 2578 1343 2613 τε
1371 2556 1613 2628 γράφειν
1653 2560 1744 2614 καὶ

61 2639 413 2700 καταλείπειν
459 2635 858 2708 συγγράμματα
905 2639 1118 2694 ἑαυτῶν
1134 2681 1147 2707 ,
1195 2638 1363 2706 δόξαν
1401 2639 1745 2711 φοβούμενοι

63 2722 165 2772 τοῦ
181 2720 364 2773 ἔπειτα
383 2717 590 2788 χρόνου
603 2761 617 2787 ,
638 2720 711 2790 μὴ
732 2722 988 2790 σοφισταὶ
1007 2728 1296 2778 καλῶνται.

79 2814 85 2818 ’
208 2805 329 2856 ΣΩ.
387 2800 607 2865 Γλυκὺς
635 2799 846 2871 άγκών.
891 2796 935 2858 ὦ
955 2807 1187 2875 Φαῖδρε,
1228 2806 1430 2875 λέληθέ
1448 2820 1508 2860 σε
1530 2802 1616 2860 ὅτι
1634 2802 1741 2859 ἀπο
