2028 3198
287 178 356 232 84
886 180 1362 228 ΠΛΑΤΩΝΟΣ

232 327 263 368 c
287 315 378 370 καὶ
398 317 647 377 εἰσαῦθις
665 311 1091 381 ἐπισκεψώμεθα
1104 353 1118 381 ,
1148 310 1246 367 ἐὰν
1265 311 1402 383 πρὸς
1422 320 1593 384 λογον
1610 335 1662 369 τι
1678 307 1715 387 ᾗ
1727 355 1743 383 ,
1776 316 1960 388 καὶτῷ

286 402 368 468 νςό
387 395 525 466 πρὸς
543 392 610 449 τοὶ
632 397 925 463 δευτερεῖα,
949 390 1045 446 ἐὰν
1066 392 1139 464 μὴ
1159 391 1298 464 πρὸς
1317 393 1382 449 τὰ
1403 407 1639 464 πρωτεῖα
1660 395 1957 467 δυνώμεθα

289 485 619 546 προσθεῖναι
631 518 646 546 ,
668 473 1080 545 προσθήσομεν.

431 563 600 613 ΠΡῼ.
652 556 957 627 Ὀρθότατα
978 559 1167 627 λέγεις.

431 645 559 695 ΧΙΧ.
641 643 759 695 ΣΩ.
817 639 925 694 Καὶ
964 636 1076 709 μὴν
1110 639 1175 694 τό
1209 661 1272 709 γε
1299 639 1488 709 ἕτερον
1518 637 1659 704 εἶδος
1687 645 1800 695 τῶν
1828 636 1962 710 ἡδο-

289 727 431 791 νῶν,
470 719 503 776 ὃ
531 727 626 792 τῆς
658 727 833 791 ψυχῆς
861 718 1030 790 αὐτῆς
1059 725 1270 791 ἔφαμεν
1302 718 1466 789 εἶναι,
1507 718 1595 775 διά
1615 720 1830 791 μνήμης
1850 725 1962 775 πᾶν

290 803 400 858 ἐστὶ
417 802 663 872 γεγονός.

428 889 598 939 ΠΡΩ.
652 889 805 949 Πῶς;

430 971 555 1020 ΣΩ.
613 964 887 1035 Μνήμην,
921 963 992 1030 ὡς
1015 969 1220 1037 ἔοικεν,
1254 963 1287 1020 δ’
1304 971 1361 1021 τί
1375 963 1499 1020 ποτ’
1522 969 1659 1033 ἔστι,
1690 965 1961 1034 πρότερον

291 1042 651 1115 ἀναληπτέον,
673 1046 763 1101 καὶ
793 1046 1106 1101 κινδυνεύει
1128 1046 1295 1100 πάλιν
1314 1050 1392 1100 ἔτι
1410 1044 1681 1114 πρότερον
1700 1052 1963 1115 αἴσθησιν

290 1125 530 1196 μνήμης,
569 1130 619 1180 εἰ
643 1129 824 1195 μέλλει
852 1124 917 1180 τὰ
947 1127 1069 1195 περὶ
1101 1123 1268 1180 ταῦθ’
1302 1123 1433 1196 ἡμῖν
1460 1123 1598 1181 κατὰ
1626 1125 1835 1197 τρόπον
1854 1147 1964 1195 φα-

232 1223 266 1265 D
297 1207 432 1277 νερά
454 1227 528 1279 πῃ
547 1207 894 1278 γενήσεσθαι.

430 1294 599 1344 ΠΡΩ.
655 1296 785 1353 Πῶς
804 1288 935 1360 φῄςς

431 1376 555 1426 ΣΩ.
614 1371 716 1434 Θὲς
746 1377 858 1425 τῶν
893 1370 1016 1437 περὶ
1050 1369 1109 1424 τὸ
1142 1375 1298 1440 σῶμα
1317 1367 1475 1440 ἡμῶν
1500 1368 1757 1425 ἑκάστοτε
1777 1376 1964 1439 παθη-

293 1450 480 1522 μάτων
496 1451 561 1507 τὰ
577 1452 677 1523 μὲν
695 1454 753 1506 ἐν
770 1457 844 1525 τῷ
863 1451 1072 1521 στόματι
1092 1451 1595 1522 κατασβεννύμενα,
1616 1452 1748 1520 πρὶν
1767 1452 1851 1505 ἐπὶ
1866 1449 1967 1520 τὴν

293 1531 475 1603 ψυχὴν
494 1537 821 1601 διεξελθεῖν,
858 1531 1048 1602 ἀπαθῆ
1070 1535 1286 1602 ἐκείνην
1308 1531 1569 1600 ἐάσαντα,
1605 1530 1670 1585 τὰ
1688 1530 1746 1586 δὲ
1766 1529 1839 1586 δι’
1861 1529 1967 1601 ἀμ·-

292 1626 423 1683 φοΐν
443 1614 598 1669 ἰόντα
618 1620 715 1670 καί
727 1636 849 1669 τινα
872 1612 1053 1683 ὥσπερ
1079 1611 1306 1683 σεισμὸν
1327 1615 1612 1668 ἐντιθέντα
1633 1611 1777 1668 ἴδιόν
1797 1635 1854 1667 τε
1874 1613 1964 1667 καὶ

293 1695 489 1750 κοινὸν
514 1697 765 1769 ἑκατέρῳ.

433 1782 603 1842 ΠΡΩ.
657 1781 898 1831 Κείσθω.

433 1862 557 1911 ΣΩ.
620 1856 699 1912 Τὰ
729 1857 830 1927 μὲν
861 1855 927 1926 δὴ
949 1855 1023 1926 μὴ
1045 1855 1116 1910 δι’
1141 1855 1351 1934 ἀμφοῖν
1371 1855 1526 1911 ἰόντα
1546 1856 1644 1912 ἐὰν
1662 1854 1764 1927 τὴν
1784 1853 1967 1926 ψυχὴν

293 1937 453 2010 ἡμῶν
473 1945 668 2009 φῶμεν
686 1938 1018 2008 λανθάνειν,
1059 1936 1124 1992 τὰ
1146 1939 1204 1991 δὲ
1225 1935 1298 1992 δι’
1319 1935 1526 2007 ἀμφοῖν
1545 1936 1618 2008 μὴ
1639 1937 1963 2006 λανθάνειν,

295 2015 385 2089 ἆρ’
407 2018 686 2089 ὀρθότατα
707 2023 968 2091 έροῦμεν;

227 2119 263 2161 Ε
435 2107 604 2157 ΠΡΩ.
658 2109 788 2167 Πῶς
806 2101 911 2172 γὰρ
934 2100 1029 2167 οὕς

435 2189 559 2238 ΣΩ.
619 2182 692 2239 Τὸ
733 2190 925 2239 τοίνυν
962 2184 1252 2254 λεληθέναι
1295 2186 1555 2254 μηδαμῶς
1584 2179 1865 2254 ὑπολάβῃς
1895 2180 1967 2246 ὡς

291 2269 432 2334 λέγω
461 2266 639 2335 λήθης
658 2266 906 2320 ἐνταῦθά
926 2285 1036 2319 που
1056 2266 1273 2334 γένεσιν
1288 2285 1298 2296 ·
1327 2268 1441 2318 ἔστι
1461 2261 1567 2332 γάρ
1590 2263 1734 2334 λήθη
1756 2263 1968 2333 μνήμης

292 2348 497 2409 ἔξοδος·
535 2345 570 2416 ἢ
611 2346 662 2400 δ’
693 2350 753 2402 ἐν
781 2354 858 2420 τῷ
887 2350 1160 2418 λεγομένω
1194 2354 1301 2401 νῦν
1331 2345 1487 2401 οὔπω
1515 2348 1732 2415 γέγονε·
1770 2351 1871 2398 τοῦ
1899 2343 1964 2415 δὴ

293 2424 424 2495 μήτε
471 2425 631 2491 ὄντος
677 2428 809 2498 μήτε
856 2428 1151 2498 γεγονότος
1187 2448 1271 2482 πω
1309 2433 1598 2497 γίγνεσθαι
1634 2425 1809 2496 φάναι
1844 2423 1966 2482 τινὰ

293 2505 618 2577 ἀποβολὴν’
595 2508 829 2564 άτοπον
867 2533 901 2580 η
921 2510 1054 2579 γάρς

432 2595 602 2644 ΠΡΩ.
665 2596 734 2645 Τί
746 2592 884 2661 μήν,

433 2675 557 2726 ΣΩ.
623 2671 701 2726 To}
721 2674 958 2727 τοίνυν’
932 2676 1177 2745 ουόματα
1198 2674 1468 2746 μετάβαλε
1488 2673 1678 2743 μόνον.
2025 2707 2028 2771 1

432 2758 600 2808 ΠΡΩι.
652 2759 806 2818 Πιὶῖςς
2023 2775 2027 2822 3

433 2838 554 2888 ΣΩ.
607 2833 748 2890 Ἀντὶ
766 2836 868 2906 μὲν
886 2843 987 2890 τοῦ
1006 2840 1297 2907 λεληθέναι
1317 2834 1416 2905 τὴν
1436 2834 1643 2903 ψυχήν,
1665 2830 1799 2887 ὅταν
1819 2831 1956 2887 ἀπα·-
2021 2834 2028 2898 J'}
