2028 3198
680 142 1079 192 ΦΙΛΗΒΟΣ.
1616 138 1718 192 107

177 282 349 333 ΠΡΩ.
396 276 777 348 Ἀληθέστατα.

177 365 300 415 ΣΩ.
363 357 593 416 Οὐκοῦν
618 354 827 413 ὁπόταν
847 378 920 411 αυ
939 363 1144 414 πλείων
1162 355 1336 430 ἡδονὴ
1356 355 1496 413 κατὰ
1516 355 1580 412 τὰ
1601 379 1718 413 τοι-

35 446 177 496 αῦτα
206 442 386 496 πάντα
408 445 690 512 ξυμμιχθῇ
702 482 717 509 ,
757 437 816 494 τὸ
837 439 941 509 μὲν
959 436 1408 510 ὑπομεμιγμένον
1427 446 1523 510 τῆς
1541 441 1719 511 λύπης

35 526 347 592 γαργαλίζει
372 543 431 577 τε
460 523 553 578 καὶ
579 520 756 592 ἠρέμα
786 518 1117 590 ἀγανακτεῖν
1149 533 1319 591 ποιεῖ,
1357 518 1418 576 τὸ
1451 518 1503 576 δ’
1530 524 1602 576 αὐ
1622 527 1719 592 τῆς

34 603 240 676 ἡδονῆς
267 602 413 661 πολὺ
445 612 637 661 πλεῖον
664 606 1030 674 ἐγκεχυμένον
1060 607 1333 657 συντείνει
1359 623 1415 656 τε
1435 602 1524 657 καὶ
1543 605 1718 657 ἐνιοτε

34 688 221 759 πηδᾷν
239 698 407 756 ποιεῖ,
445 688 538 743 καὶ
556 696 787 741 παντοῖα
808 687 909 756 μὲν
926 684 1185 756 χρώματα
1198 725 1213 753 ,
1253 695 1484 738 παντοῖα
1505 686 1564 739 δε
1582 684 1719 754 σχή-

35 790 196 838 ματα,
216 780 450 823 παντοῖα
466 768 524 824 δὲ
540 767 827 838 πνεύματα
844 764 1290 837 ἀπεργαζόμενον
1306 772 1384 820 ποῖ
1389 782 1493 820 σαν
1514 771 1717 837 ἔκπλη-

35 855 120 916 ξιν
140 851 229 906 καὶ
247 850 380 921 βοὰς
399 848 514 919 μετ’
540 846 864 920 ἀφροσύνης
882 847 1248 918 ἐνεργάζεται;

175 937 343 988 ΠΡΩ.
404 930 575 987 Μάλα
593 951 670 1000 γε.

176 1019 300 1070 ΣΩ.
357 1014 467 1069 Καὶ
487 1015 667 1084 λέγειν
684 1034 774 1083 γε,
798 1005 841 1067 ὦ
862 1012 1064 1081 ἑταῖρε,
1100 1010 1274 1069 αὐτόν
1293 1034 1349 1068 τε
1371 1016 1494 1082 περὶ
1515 1014 1716 1070 ἑαυτοῦ

33 1108 182 1152 ποιεῖ
196 1097 287 1152 καὶ
305 1097 429 1166 περὶ
447 1094 623 1150 ἄλλον
635 1136 650 1165 ,
672 1092 746 1159 ὡς
765 1094 988 1160 ταύταις
1008 1106 1123 1159 ταῖς
1140 1092 1363 1165 ἡδοναῖς
1379 1097 1715 1169 τερπόμενος

35 1174 157 1234 οἷον
184 1175 558 1248 ἀποθνήσκει·
597 1178 690 1233 καὶ
718 1176 920 1241 ταύτας
947 1197 1010 1246 γε
1039 1174 1105 1246 δὴ
1140 1177 1494 1233 παντάπασιν
1515 1176 1595 1234 άεὶ
1617 1200 1715 1249 με-

36 1259 292 1314 ταδιώκει
321 1259 568 1332 τοσούτῳ
595 1266 808 1330 μᾶλλον
822 1300 837 1327 ,
876 1257 988 1330 ὅσῳ
1009 1253 1080 1312 ἂν
1098 1256 1533 1331 άκολαστότερός
1549 1283 1607 1316 τε
1625 1261 1716 1316 καὶ

37 1341 442 1412 άφρονέστερος
461 1337 542 1396 ὦν
561 1341 806 1412 τυγχάνῃ
819 1382 832 1407 ,
855 1343 946 1395 καὶ
964 1347 1122 1396 καλεῖ
1137 1338 1201 1411 δὴ
1222 1348 1476 1412 μεγίστας
1497 1343 1714 1410 ταύτας,

34 1421 245 1480 καὶτὸν
262 1425 325 1478 ἐν
342 1424 563 1489 ταύταις
583 1421 614 1479 ὅ
631 1446 680 1478 τι
699 1419 905 1492 μάλιστ’
929 1422 1010 1478 άεὶ
1032 1428 1204 1488 ζῶντα
1222 1422 1717 1495 εὐδαιμονέστατον

36 1513 466 1576 καταριθμεῖται.

176 1593 346 1643 ΠΡΩ.
402 1590 621 1659 Πάντα,
662 1583 706 1644 ὦ
726 1588 1046 1658 Σώκρατες,
1088 1587 1149 1642 τὰ
1182 1594 1559 1659 συμβαίνοντα
1579 1587 1716 1656 πρὸς

33 1677 113 1725 τῶ
120 1692 150 1724 ν
170 1675 392 1725 πολλῶν
411 1668 732 1740 ἀνθρώπων
752 1677 827 1735 εἰς
846 1671 1014 1736 δόξαν
1036 1673 1373 1741 διεπέρανας.

179 1757 303 1807 ΣΩ.
357 1758 500 1821 Περί
512 1774 574 1823 γε
592 1759 706 1808 τῶν
724 1750 969 1823 ἡδονῶν,
993 1746 1037 1806 ὦ
1058 1751 1374 1822 Πρώταρχε,
1396 1757 1509 1805 τῶν
1529 1753 1587 1806 ἐν
1606 1763 1717 1817 τοῖς

35 1845 244 1898 κοινοῖς
269 1834 596 1904 παθήμασιν
624 1833 799 1890 αὐτοῦ
832 1841 933 1889 τοῦ
960 1834 1211 1904 σώματος
1239 1839 1350 1888 τῶν
1380 1835 1642 1905 ἐπιπολῆς
1659 1855 1716 1890 τε

34 1916 124 1971 καὶ
145 1914 297 1980 ἐντὸς
315 1919 704 1984 κερασθέντων
719 1939 730 1949 ·
767 1918 891 1987 περὶ
911 1916 968 1972 δὲ
988 1922 1101 1971 τῶν
1122 1918 1183 1971 ἐν
1213 1922 1388 1987 ψυχῇ,
1427 1921 1450 1950 *
1465 1913 1538 1981 ὡς
1552 1922 1575 1952 *
1602 1917 1715 1972 σώ-

0 2047 2 2052 .
33 2019 163 2068 ματι
190 1995 452 2054 τάναντία
481 2001 871 2071 ξυμβάλλεται,
910 1999 1094 2070 λύπην
1126 2020 1182 2054 τε
1213 1997 1325 2069 ἅμα
1346 1997 1484 2067 πρὸς
1504 1996 1715 2069 ἡδονὴν

0 2104 7 2141 2
35 2082 125 2135 καὶ
153 2077 363 2151 ἡδονήν
391 2082 529 2151 πρὸς
554 2083 765 2154 λύπην,
805 2077 935 2137 ὥστ’
960 2085 1036 2146 είς
1055 2086 1187 2151 μίαν
1206 2077 1494 2151 ἀμφότερα
1516 2088 1717 2149 κρᾶσιν

33 2164 201 2232 ἰέναι,
232 2169 404 2219 ταῦτα
434 2169 715 2235 ἔμπροσθε
747 2167 846 2235 μὲν
877 2164 1206 2234 διήλθομεν,
1237 2162 1476 2231 ὦς*δε’,*
1506 2161 1717 2219 ὁπόταν

4 2302 12 2314 ,
33 2237 109 2299 αὖ
126 2251 384 2315 κενῶται,
406 2246 736 2317 πληρώσεως
756 2249 1028 2316 ἐπιθυμεῖ,
1051 2247 1140 2300 καὶ
1160 2248 1390 2310 ἐλπίζων
1405 2243 1506 2315 μὲν
1522 2249 1712 2317 χαίρει,

34 2327 370 2397 κενούμενος
400 2328 459 2384 δὲ
489 2326 669 2398 άλγεῑ,
706 2335 875 2382 ταῦτα
908 2328 973 2397 δὴ
1006 2328 1125 2383 τότε
1156 2329 1258 2397 μὲν
1278 2324 1380 2383 οὐκ
1403 2328 1714 2398 ἐμαρτυρά-

34 2414 181 2477 μεθα
195 2450 210 2474 ,
251 2415 359 2463 νῦν
380 2410 437 2465 δὲ
460 2411 718 2480 λέγομεν,
761 2407 831 2474 ὡς
853 2417 1028 2481 ψυχῆς
1047 2408 1184 2480 πρὸς
1204 2415 1360 2480 σῶμα
1383 2412 1712 2481 διαφερομέ-

34 2508 134 2558 νης
163 2491 223 2544 ἐν
252 2497 385 2544 πᾶσι
413 2491 630 2555 τούτοις
658 2498 728 2544 πλ
737 2492 861 2561 η’θει
881 2491 1178 2562 ἀμηχάνοις
1198 2484 1323 2547 οὖσι
1341 2495 1480 2562 μῖξις
1499 2498 1594 2563 μία
1612 2495 1714 2549 λύ-

9 2588 137 2640 ,,πης
156 2591 210 2625 τε
236 2573 325 2626 καὶ
347 2568 550 2642 ἡδονῆς
569 2578 856 2642 ξυμπίπτει
880 2576 1163 2645 γενομένη.

4 2662 21 2681 ”
174 2658 345 2709 ΠΡΩ.
398 2654 760 2719 Κινδυνεύεις
782 2653 1060 2723 ὀρθότατα
1086 2659 1280 2728 λέγειν.

174 2739 356 2792 xxix.
431 2741 555 2792 ΣΩ.
602 2735 717 2792 ”Eu
748 2743 941 2794 τοίνυν
960 2735 1088 2811 ἡμῖν
1108 2746 1220 2795 τῶν
1239 2745 1440 2811 μίξεων
1462 2741 1639 2811 λύπης
1657 2762 1719 2797 τε

68 2816 123 2872 αἱ
143 2813 347 2889 ἡδονῆς
366 2818 526 2890 λοιπὴ
549 2825 658 2890 μία.

21 2925 34 2962 ἶ

4 2982 46 3073 3.

22 3075 37 3098 ι

21 3109 30 3128 v

22 3136 42 3195 ἑ
