2028 3198
437 448 523 520 Π
543 451 621 520 Α
650 452 719 519 Ρ
739 455 823 520 Μ
846 453 915 518 Ε
937 454 1083 519 ΝῙ
1106 441 1361 519 ΔΗΣ

498 554 566 639 [ἦ
600 563 726 637 περὶ
762 561 955 619 ἰδεῶν·
1003 556 1288 640 λογικός]

369 780 455 826 ΤΑ
496 779 635 826 ΤΟΥ
668 778 1041 826 ΔΙΑΛΟΓΟΥ
1072 775 1415 824 ΠΡΟΣΩΠΑ

181 875 587 944 ΚΕΦΑΛΟΣ,
633 872 1179 941 ΑΛΕΙΜΑΝΤΟΣ,
1218 867 1607 937 ΑΝΤΙΦΩΝ,

111 981 520 1051 ΓΛΑΥΚΩΝ,
590 983 1128 1052 ΠΥΘΟΔΩΡΟΣ,
1199 979 1668 1046 ΣΩΚΡΑΤΗΣ,

4 1157 11 1162 Α
116 1089 428 1158 ΖΗΝΩΝ,
479 1090 1040 1158 ΠΑΡΜΕΝΙΔΗΣ,
1087 1087 1666 1145 ΑΡΙΣΤΟΤΕΛΗΣ.

1704 1208 1843 1256 Sum,

186 1324 220 1372 Ι.
268 1306 518 1389 Ἐπειδὴ
533 1317 799 1388 Ἀθήναζε
818 1325 1045 1373 οἴκοθεν
1060 1320 1119 1373 ἐκ
1139 1323 1509 1388 Κλαζομενῶν
1525 1315 1728 1386 άφικό-
1758 1281 1844 1377 ῗᾶὅ

43 1407 220 1471 μεθα,
258 1400 379 1457 κατ’
411 1400 624 1472 ἀγορὰν
651 1400 978 1470 ἐνετύχομεν
1000 1398 1332 1474 Ἀδειμάντῳ
1351 1422 1410 1455 τε
1427 1402 1520 1455 καὶ
1537 1400 1722 1455 Γλαύ-

45 1503 207 1537 κωνι·
228 1490 324 1539 καί
338 1506 448 1554 μου
468 1484 775 1555 λαβόμενος
794 1489 890 1553 τῆς
908 1482 1087 1553 χειρὸς
1107 1481 1136 1539 ὁ
1163 1481 1528 1554 Ἀδείμαντος,
1547 1479 1722 1550 Χαῖρ’,

44 1568 149 1635 ἔφη
163 1606 179 1635 ,
202 1558 247 1620 ὦ
265 1568 516 1637 Κέφαλε,
547 1568 636 1621 καὶ
657 1574 708 1621 εἰ
723 1587 823 1620 του
843 1568 949 1620 δέει
968 1572 1081 1619 τῶν
1098 1569 1252 1638 τῇδε,
1280 1558 1360 1620 ὦν
1378 1563 1532 1636 ἡμεῖς
1552 1568 1726 1619 δυνα-

46 1651 144 1716 τοί,
166 1647 352 1717 φράζε.
424 1647 585 1703 Ἀλλὰ
604 1649 705 1718 μὲν
727 1647 814 1718 δή,
835 1646 989 1703 εἶπον
1011 1649 1138 1718 ἐγώ,
1157 1648 1385 1718 πάρειμί
1398 1669 1460 1717 γε
1480 1645 1566 1702 ἐπ’
1588 1645 1723 1701 αὐτὸ

50 1736 208 1783 τοῦτο
222 1771 237 1798 ,
279 1731 610 1800 δεησόμενος
629 1728 802 1800 ὑμῶν.
878 1735 1073 1800 Λέγοις
1093 1730 1190 1800 ἄν,
1228 1734 1358 1801 ἔφη,
1398 1729 1500 1800 τὴν
1519 1732 1720 1800 δέησιν.

45 1812 135 1865 καὶ
170 1810 276 1881 ἐγώ
314 1810 497 1882 εἷπον,
541 1818 632 1885 Τῷ
670 1810 896 1885 άδελφῷ
924 1810 1083 1883 ὑμῶν
1110 1818 1187 1886 τῷ
1224 1810 1538 1886 ὁμομητρίῳ
1571 1815 1627 1865 τί
1654 1804 1728 1881 ἦν
1756 1829 1789 1869 Β

15 1919 17 1921 >
46 1890 248 1961 ὅνομα;
294 1891 363 1947 οὐ
390 1893 495 1963 γὰρ
526 1898 814 1964 μέμνημαι.
854 1906 978 1958 παῖς
1010 1896 1073 1948 δέ
1098 1913 1208 1948 που
1237 1887 1311 1965 ἦν
1330 1892 1420 1949 ὅτε
1441 1892 1502 1948 τὸ
1524 1893 1726 1963 πρότε-

43 1993 147 2042 ρον
165 1974 477 2046 ἐπεδήμησα
498 1978 664 2045 δεῦρο
686 1979 744 2032 ἐκ
765 1981 1159 2047 Κλαζομενῶν·
1196 1974 1371 2040 πολὺς
1390 1976 1448 2030 δὲ
1466 1972 1573 2046 ἤδη
1593 1975 1725 2045 χρό-

45 2077 140 2120 νος
173 2058 227 2122 ἐξ
259 2059 487 2112 ἐκείνου.
526 2063 603 2131 τῷ
640 2056 742 2127 μὲν
776 2056 883 2128 γὰρ
920 2063 1109 2129 πατρί,
1149 2061 1324 2128 δοκῶ,
1361 2056 1724 2127 Πυριλάμπης

45 2135 232 2209 ὄνομα.
307 2139 471 2194 Πάνυ
490 2160 571 2209 γε,
598 2144 701 2210 ἔφη
719 2161 730 2171 ·
753 2138 902 2214 αύτῷ
926 2143 989 2196 δέ
1003 2162 1066 2210 γε
1081 2138 1369 2209 Ἀντιφῶν.
1391 2138 1528 2195 άλλά
1548 2148 1601 2195 τί
1616 2140 1726 2210 μά-

0 2247 1 2281 3
41 2225 197 2275 λιστα
218 2221 517 2285 πυνθάνει;
558 2220 701 2290 Οῒδ’,
740 2221 896 2277 εἷπον
925 2223 1059 2292 ἐγώ,
1080 2226 1303 2277 πολῖταί
1316 2225 1416 2292 μοί
1434 2226 1555 2291 εἰσι,
1576 2221 1723 2291 μάλα

0 2301 2 2380 ᾖ
42 2302 372 2372 φιλόσοφοι,
403 2301 674 2374 ἀκηκόασί
687 2325 744 2359 τε
765 2303 849 2359 ὅτι
870 2297 1032 2368 οὗτος
1050 2301 1078 2359 ὁ
1095 2301 1369 2374 Ἀντιφῶν
1387 2302 1721 2376 Πυθοδώρῳ

42 2386 148 2440 τινὶ
170 2385 431 2457 Ζήνωνος
458 2387 651 2460 ἑταίρῳ
681 2387 856 2442 πολλὰ
878 2386 1216 2457 ἐντετύχηκε,
1238 2387 1328 2442 καὶ
1349 2383 1481 2451 τοὺς
1502 2385 1720 2456 λόγους,
1753 2398 1784 2441 C

43 2461 142 2530 οὓς
160 2486 289 2521 ποτε
310 2466 613 2537 Σωκράτης
631 2469 719 2522 καὶ
738 2468 940 2538 Ζήνων
959 2470 1047 2524 καὶ
1066 2471 1418 2539 Παρμενίδης
1437 2470 1724 2540 διελέχθη-

42 2563 175 2615 σαν,
206 2547 468 2611 πολλάκις
497 2547 740 2613 άκούσας
759 2556 860 2603 τοῦ
879 2552 1237 2620 Πυθοδώρου
1257 2549 1719 2622 ἀπομνημονεύει.

6 2680 19 2698 ,
34 2623 240 2698 Ἀληθῆ
256 2669 269 2693 ,
309 2631 441 2699 ἔφη,
480 2632 667 2699 λέγεις.
747 2632 974 2688 Τούτων
1002 2639 1221 2704 τοίνυν,
1257 2633 1440 2704 εἷπον,
1476 2633 1721 2704 δεόμεθα

11 2741 16 2745 Δ
41 2713 347 2766 διακοῦσαι.
417 2708 562 2766 Ἀλλ’
598 2709 665 2766 ού
701 2714 963 2785 χαλεπόν,
1002 2720 1104 2787 ἔφη
1122 2738 1132 2748 ·
1169 2718 1457 2787 μειράκιον
1494 2714 1599 2786 γάρ
1641 2712 1720 2772 (ὃν

16 2789 246 2871 ιαὐτούς
276 2786 341 2848 εὖ
359 2794 505 2863 μάλα
527 2795 928 2866 διεμελέτησεν,
950 2798 1064 2853 ἐπεὶ
1081 2804 1189 2853 νῦν
1210 2821 1270 2870 γε
1291 2799 1428 2856 κατὰ
1448 2799 1547 2855 τὸν
1569 2800 1719 2855 πάπ-

46 2892 153 2930 πον
185 2895 241 2928 τε
278 2875 368 2930 καὶ
397 2872 700 2946 ὁμώνυμον
736 2878 871 2945 πρὸς
901 2883 1098 2952 ῐππικῇ
1125 2878 1191 2935 τά
1222 2882 1397 2937 πολλὰ
1438 2885 1717 2953 διατρίβει,

187 2951 337 2997 Puro
379 2953 431 2998 11.
1422 2966 1435 3003 l
