2028 3198
595 149 1181 198 ΠΑΡΜΕΝΙΔΗΣ.
1659 145 1729 196 45

52 291 234 357 μετείη
262 286 354 341 καὶ
383 286 657 356 μεγέθους
674 284 766 338 καὶ
786 281 1161 352 σμικρότητος.
1206 279 1436 338 Ἔοικεν.
1491 281 1602 335 Καὶ
1619 279 1731 351 μὴν

51 370 139 423 καὶ
163 367 355 432 οὐσίας
370 387 437 436 γε
454 369 540 422 δεῖ
550 363 687 420 αὐτὸ
707 363 951 435 μετέχειν
970 383 1062 435 πῃ.
1112 369 1243 428 Πῶς
1259 363 1358 435 ὃής
1382 362 1566 434 ’Ἑχειν
1593 359 1728 417 αὐτὸ

52 454 139 505 δεῖ
153 449 330 514 οὕτως
349 445 422 514 ὡς
438 451 684 519 λέγομεν.
742 450 794 502 εἰ
806 444 912 514 γὰρ
931 443 1007 514 μὴ
1024 444 1200 509 οὕτως
1219 450 1359 516 ἔχοι,
1378 443 1484 502 οὐκ
1505 441 1576 501 ἂν
1595 443 1730 515 ἀλη-

48 539 130 603 θῆ
159 534 414 602 λέγοιμεν
439 528 593 602 ἡμεῖς
621 532 872 599 λέγοντες
898 526 960 582 τὸ
993 529 1055 582 ἓν
1082 526 1156 598 μὴ
1179 526 1340 584 εἶναι·
1381 533 1432 584 εἰ
1446 528 1506 584 δὲ
1524 526 1728 599 ἀληθῆ,

50 617 223 684 δῆλον
250 611 336 668 ὅτι
363 611 499 668 ὄντα
526 608 668 667 αὐτὰ
699 614 958 681 λέγομεν’
996 604 1032 680 ἦ
1063 607 1163 679 οὐχ
1193 608 1397 674 οὕτως;
1438 607 1601 665 Οὕτω
1630 607 1731 680 μὲν

49 689 171 751 οὖν.
218 693 433 765 Ἐπειδὴ
455 697 519 750 δέ
533 715 718 765 φαμεν
736 691 921 763 ἀληθῆ
941 693 1146 761 λέγειν,
1169 690 1383 762 ἀνάγκη
1402 691 1536 762 ἡμῖν
1556 692 1731 760 φάναι

47 779 139 834 καὶ
159 777 295 835 ὄντα
311 782 504 848 λέγειν.
542 776 794 847 Ἀνάγκη.
822 775 1004 829 Ἔστιν
1022 772 1157 842 ἄρα,
1179 770 1253 837 ὦς
1272 777 1443 842 ἔοικε,
1464 770 1524 827 τὸ
1548 774 1608 826 ἓν
1627 770 1731 827 οὐκ

49 859 132 915 ὅν.
189 869 243 918 εί
255 860 362 932 γὰρ
383 860 456 933 μὴ
478 866 627 917 ἔσται
645 859 718 931 μὴ
738 858 807 915 ὅν
826 901 838 926 ,
866 855 1007 912 ἀλλά
1024 877 1075 910 τι
1093 862 1196 910 τοῦ
1214 855 1357 912 εἶναι
1374 855 1569 927 ἀνήσει
1592 853 1731 924 πρὸς

46 943 110 999 τὸ
139 941 215 1014 μὴ
247 941 413 1014 εἶναι,
455 941 632 1008 εὐθὺς
660 946 809 997 ἔσται
840 938 923 995 ὅν.
978 938 1308 994 Παντάπασι
1326 938 1428 1009 μὲν
1447 933 1568 994 οὖν.
1626 945 1732 993 Δεῖ

46 1024 157 1094 ἄρα
176 1024 311 1082 αὐτὸ
333 1023 540 1097 δεσμὸν
558 1029 700 1095 ἔχειν
716 1029 818 1079 τοῦ
837 1018 912 1093 μὴ
933 1018 1073 1076 εἶναι
1088 1019 1149 1076 τὸ
1172 1019 1312 1076 εἶναι
1329 1023 1402 1093 μὴ
1423 1020 1508 1091 ὄν,
1532 1026 1583 1077 εἰ
1597 1024 1729 1092 μέλ-

47 1113 127 1162 λει
146 1105 220 1178 μὴ
241 1106 407 1178 εἶναι,
447 1105 649 1179 ὁμοίως
670 1104 855 1174 ὥσπερ
874 1102 936 1158 τὸ
958 1098 1027 1158 ὂν
1044 1101 1106 1158 τὸ
1125 1101 1199 1174 μὴ
1222 1100 1291 1159 ὂν
1309 1108 1452 1174 ἔχειν
1470 1102 1543 1175 μὴ
1567 1102 1726 1174 εἶναι,

45 1192 142 1245 ἵνα
166 1192 362 1255 τελέως
389 1184 464 1244 αὐ
484 1188 623 1245 εἶναι
641 1182 692 1260 ᾖ.
752 1184 928 1251 οὕτως
945 1183 1054 1256 γὰρ
1074 1182 1147 1241 ἀν
1164 1185 1228 1242 τό
1245 1209 1303 1242 τε
1324 1183 1394 1243 ὂν
1413 1185 1632 1259 μάλιστ’
1655 1182 1728 1242 ἄν

48 1278 132 1343 εἴη
162 1274 253 1328 καὶ
276 1270 339 1327 τὸ
352 1270 445 1343 «μὴ
476 1268 544 1327 ὂν
574 1269 677 1326 οὐκ
698 1267 770 1323 ἂν
789 1276 871 1339 εἴη
886 1310 899 1335 ,
937 1270 1229 1339 μετέχοντα
1247 1268 1308 1325 τὸ
1330 1270 1433 1341 μὲν
1451 1267 1520 1326 ὂν
1537 1268 1728 1335 οὐσίας

47 1358 148 1408 τοῦ
179 1352 318 1409 εἶναι
347 1352 442 1424 ὅν,
480 1353 552 1423 μὴ
574 1351 765 1416 οὐσίας
784 1350 843 1406 δὲ
863 1356 966 1405 τοῦ
985 1349 1125 1405 εἶναι
1142 1350 1216 1422 μὴ
1237 1351 1331 1422 ὅν,
1373 1358 1424 1409 εί
1438 1357 1620 1424 μέλλει
1639 1374 1729 1408 τε-

46 1437 183 1500 λέως
201 1434 340 1491 εἶναι
354 1478 369 1504 ,
405 1436 467 1491 τὸ
490 1436 548 1491 δὲ
566 1433 638 1507 μὴ
660 1430 730 1489 ὄν
747 1431 819 1504 μὴ
845 1430 1036 1497 οὐσίας
1053 1437 1156 1503 μὲν
1173 1441 1275 1490 τοῦ
1292 1435 1365 1508 μὴ
1390 1436 1529 1492 εἶναι
1547 1434 1620 1507 μὴ
1642 1434 1727 1504 ὅν,

48 1515 241 1583 οὐσίας
269 1518 327 1573 δὲ
354 1524 457 1573 τοῦ
485 1515 627 1572 εἶναι
657 1514 728 1587 μὴ
763 1513 857 1584 ὅν,
898 1518 947 1569 εἰ
973 1516 1064 1569 καὶ
1084 1513 1144 1570 τὸ
1165 1514 1239 1587 μὴ
1261 1512 1330 1572 ὂν
1348 1512 1421 1572 αὖ
1440 1519 1636 1582 τελέως
1653 1514 1727 1588 μὴ

47 1605 213 1656 ἔσται.
262 1597 647 1671 Ἀληθέστατά
706 1595 936 1652 Οὐκοῦν
963 1598 1182 1667 ἐπείπερ
1212 1606 1289 1673 τῷ
1316 1621 1374 1654 τε
1393 1597 1514 1654 ὄντι
1531 1605 1634 1654 τοῦ
1653 1596 1726 1669 μὴ

46 1681 189 1739 εἶναι
206 1685 398 1755 καὶτῷ
415 1680 489 1752 μὴ
510 1681 628 1736 ὄντι
648 1685 749 1735 τοῦ
769 1677 909 1733 εἶναι
927 1682 1139 1748 μέτεστι
1152 1722 1167 1750 ,
1201 1682 1390 1755 καὶτῷ
1409 1683 1517 1751 ἑνί,
1538 1679 1724 1751 ἐπειδὴ

46 1763 150 1821 οὐκ
170 1769 300 1835 ἔστι,
321 1769 422 1819 τοῦ
441 1762 580 1819 εἶναι
596 1759 811 1831 ἀνάγκη
829 1771 1070 1831 μετεῖναι
1086 1766 1162 1827 εἰς
1174 1762 1236 1818 τὸ
1254 1762 1327 1835 μὴ
1346 1762 1501 1818 εἶναι.
1532 1762 1726 1833 Ἀνάγ-

45 1868 131 1917 κη.
169 1846 278 1903 Καὶ
298 1845 460 1902 οὐσία
481 1846 547 1917 δὴ
568 1849 822 1916 φαίνεται
840 1848 918 1916 τῷ
941 1844 1048 1914 ἑνί,
1071 1842 1210 1916 εἰμὴ
1232 1849 1398 1900 ἔστιν.
1447 1850 1724 1901 Φαίνεται.

30 1930 152 1991 ,Καὶ
182 1927 255 2000 μὴ
286 1925 447 1983 οὐσία
476 1926 610 1996 ἄρα,
649 1933 801 1993 εἴπερ
831 1923 904 1996 μή
935 1930 1097 1981 ἐστιν.
1151 1932 1281 1992 Πῶς
1303 1926 1354 1982 δ’
1376 1926 1475 1993 οὔ;
1513 1923 1651 1982 Οἷόν
1668 1948 1726 1982 τε

43 2004 151 2068 οὐν
167 2009 229 2066 τὸ
251 2015 377 2081 ἔχον
395 2030 510 2074 πως
528 2008 600 2081 μὴ
625 2013 767 2079 ἔχειν
787 2005 935 2062 οὕτω
949 2050 961 2071 ,
983 2008 1056 2079 μὴ
1076 2010 1424 2082 μεταβάλλον
1444 2011 1504 2066 ἐκ
1525 2009 1728 2079 ταύτης

38 2098 141 2164 τῆς
159 2092 343 2160 ἓξεως;
384 2091 501 2163 Οὐχ
523 2089 642 2149 οἷόν
661 2112 734 2146 τε.
785 2095 910 2145 Πᾶν
929 2087 1036 2158 ἄρα
1057 2089 1118 2146 τὸ
1140 2098 1396 2148 τοιοῦτον
1415 2089 1726 2163 μεταβολὴν

43 2179 320 2245 σημαίνει,
359 2172 391 2229 ὃ
423 2170 495 2230 ἄν
523 2174 671 2230 οὕτω
701 2195 758 2229 τε
786 2172 878 2228 καὶ
908 2170 982 2242 μὴ
1014 2172 1189 2238 οὕτως
1219 2178 1328 2245 ἔχῃ.
1381 2179 1511 2236 Πῶς
1541 2169 1591 2227 δ’
1625 2169 1722 2239 οὕς

45 2257 342 2328 Μεταβολὴ
363 2257 422 2312 δὲ
440 2263 651 2329 κίνησις
664 2301 677 2326 ,
696 2254 733 2330 ἦ
750 2261 806 2310 τί
821 2252 1099 2323 φήσομεν;
1124 2260 1369 2327 Κίνησις.
1413 2253 1643 2310 Οὐκοῦν
1658 2258 1720 2313 τὸ

46 2339 107 2394 ἓν
134 2337 202 2394 ὄν
219 2360 274 2394 τε
294 2341 385 2395 καὶ
403 2340 506 2396 οὐκ
527 2337 597 2396 ὂν
617 2343 823 2414 ἐφάνη;
864 2346 990 2400 Ναί.
1048 2335 1241 2403 Οὕτως
1260 2335 1369 2406 ἄρα
1389 2338 1479 2393 καὶ
1501 2335 1601 2407 οὐχ
1623 2334 1724 2391 οὕ-

44 2440 150 2484 τως
177 2425 303 2490 ἔχον
331 2427 597 2491 φαίνεται.
634 2423 868 2481 Ἔοικεν.
923 2424 1032 2480 Καὶ
1053 2421 1389 2493 κινούμενον
1407 2418 1515 2490 ἄρα
1534 2418 1595 2476 τὸ
1619 2416 1721 2475 οὐκ

44 2498 113 2559 ὂν
143 2504 205 2557 ἓν
234 2505 533 2572 πέφανται,
574 2506 792 2575 ἐπείπερ
820 2509 912 2563 καὶ
942 2502 1251 2578 μεταβολὴν
1280 2507 1338 2559 ἐκ
1358 2509 1460 2559 τοῦ
1480 2501 1617 2558 εἶναι
1637 2503 1723 2558 ἐπὶ

42 2582 104 2641 τὸ
136 2583 209 2655 μὴ
245 2584 384 2640 εἶναι
414 2590 552 2654 ἔχον.
608 2589 955 2643 Κινδυνεύει.
998 2584 1155 2643 Ἀλλά
1188 2583 1302 2657 μὴν
1322 2590 1370 2641 εἰ
1386 2588 1644 2656 μηδαμοῦ
1663 2588 1727 2654 γε’

42 2666 158 2724 ἐστι
186 2674 299 2723 τῶν
327 2667 535 2733 ὄντων,
578 2665 648 2731 ὡς
679 2668 780 2723 οὐκ
813 2674 988 2740 ἔστιν,
1029 2677 1180 2737 εἴπερ
1210 2667 1283 2740 μὴ
1307 2674 1483 2735 ἔστιν,
1506 2664 1628 2721 οὐδ’
1653 2661 1724 2720 ἀν

43 2749 363 2821 μεθίσταιτό
394 2754 572 2804 ποθέν
600 2770 707 2804 ποι.
764 2758 891 2817 Πῶς
919 2751 1058 2822 γάρς
1099 2750 1218 2807 Οὐκ
1248 2749 1355 2820 ἄρα
1377 2756 1455 2822 τῷ
1474 2770 1535 2818 γε
1556 2769 1719 2819 μετα·

1759 784 1845 830 162

1758 1362 1792 1402 B

1754 2185 1785 2227 C

44 2832 251 2887 θαίνειν
291 2830 482 2887 κινοῖτ’
524 2831 608 2887 ἄν.
669 2832 754 2888 Οὐ
783 2834 902 2903 γάρ.
959 2833 1105 2890 Οὐδὲ
1134 2831 1245 2905 μὴν
1274 2835 1334 2887 ἐν
1361 2837 1437 2906 τῷ
1467 2829 1615 2907 αὐτῷ
1650 2826 1720 2887 ἀν
1750 2844 1785 2885 D
