2028 3198
289 167 389 219 198
892 169 1364 218 ΠΛΑΤΩΝΟΣ
1907 177 1963 222 60

287 309 538 370 θαρρεῖν,
559 303 650 357 καὶ
669 299 909 372 ἕλεγον“
877 323 960 357 οτι
980 299 1082 357 οὐκ
1103 299 1382 370 ἀπολείψω
1413 301 1576 359 αὐτῶ.
1619 304 1864 359 ἐνταῦθα
1895 303 1961 373 δὴ

286 383 376 437 καὶ
412 380 637 437 κάλλιον
660 383 979 455 ἐθεασάμην
1002 385 1274 456 Σωκράτη
1303 382 1339 457 ἢ
1367 388 1429 442 ἐν
1463 389 1756 457 Ποτιδαίᾳ·
1797 383 1965 450 αὐτὸς

284 484 389 534 γαρ
409 455 576 533 ἦττον
595 466 655 519 ἐν
685 465 843 539 φόβῳ
876 459 913 537 ἦ
933 465 1021 521 διὰ
1042 467 1103 521 τὸ
1125 465 1218 537 ἐφ’
1237 470 1409 523 ἵππου
1430 466 1594 523 εἶναι·
1616 474 1837 539 πρῶτον
1857 490 1959 538 μεν

224 557 255 596 Β
287 544 424 601 όσον
460 553 656 618 περιῆν
692 547 938 618 Λάχητος
973 555 1050 619 τῷ
1087 553 1312 619 ἔμφρων
1350 548 1516 604 εἶναι·
1565 554 1744 605 ἔπειτα
1782 555 1962 620 ἔμοιγε
2024 565 2028 568 ·

286 628 482 699 ἐδόκει,
510 623 553 683 ῶ
577 627 997 700 Ἀριστόφανες,
1025 630 1084 684 τὸ
1107 628 1209 685 σόν
1230 629 1295 702 δὴ
1316 637 1506 700 τοῦτο,
1529 633 1619 687 καὶ
1639 635 1752 687 ἐκεῖ
1768 637 1962 687 διαπο-

286 710 553 778 ρεύεσθαι
574 708 756 782 ῶσπερ
777 714 867 766 καὶ
887 710 1118 782 ἐνθάδε,
1149 712 1567 784 βρενθυόμενος
1589 713 1678 768 καὶ
1698 711 1963 783 τώφθαλ-

285 790 368 861 μῶ
391 792 790 863 παραβάλλων,
812 790 987 864 ἠρέμα
1006 799 1359 863 περισκοπῶν
1377 795 1467 850 καὶ
1486 795 1615 859 τοὺς
1637 800 1855 864 φιλίους
1873 797 1963 850 καὶ

285 873 415 937 τοὺς
444 879 763 944 πολεμίους,
786 877 950 945 δῆλος
978 871 1057 930 ῶν
1085 877 1246 931 παντὶ
1267 878 1357 932 καὶ
1374 875 1523 932 πάνυ
1543 876 1859 948 πόρρωθεν,
1880 875 1959 932 ὅτι

286 963 340 1010 εἴ
363 977 441 1019 τις
469 954 665 1021 ἅψεται
690 955 892 1012 τούτου
922 964 1023 1012 τοῦ
1052 956 1281 1029 ἀνδρός,
1312 959 1456 1028 μάλα
1479 961 1800 1030 ἐρρωμένως
1817 957 1962 1029 ἀμυ-

285 1046 469 1091 νεῖται.
512 1036 598 1092 διὸ
629 1038 717 1093 καὶ
747 1035 1011 1108 ἀσφαλῶς
1040 1038 1202 1112 ἀπῄει
1230 1042 1321 1095 καὶ
1357 1033 1520 1106 οὗτος
1557 1042 1646 1096 καὶ
1685 1038 1714 1096 ὁ
1754 1042 1958 1111 ἔτερος·

286 1116 483 1188 σχεδὸν
510 1118 616 1189 γάρ
643 1140 693 1173 τι
724 1125 835 1174 τῶν
866 1118 1011 1174 οὕτω
1035 1125 1393 1191 διακειμένων
1413 1126 1474 1177 ἐν
1492 1129 1570 1196 τῷ
1589 1125 1808 1195 πολέμῳ
1831 1120 1959 1177 οὐδὲ

225 1207 260 1249 C
287 1198 575 1270 ἅπτονται,
616 1200 751 1257 ἀλλά
784 1201 913 1266 τοὺς
942 1203 1333 1274 προτροπάδην
1353 1204 1662 1274 φεύγοντας
1683 1205 1945 1259 διώκουσι

286 1280 460 1338 πολλὰ
493 1283 593 1353 μὲν
624 1277 727 1337 οὖν
756 1283 828 1338 ἄν
856 1305 936 1348 τις
956 1285 1046 1339 καὶ
1077 1284 1212 1341 ἄλλα
1241 1291 1351 1356 ἔχοι
1378 1285 1649 1356 Σωκράτη
1683 1287 1959 1341 ἐπαινέσαι
2020 1305 2028 1359 3

286 1368 375 1420 και
396 1365 708 1436 θαυμάσια·
748 1363 885 1421 ἀλλὰ
909 1373 1022 1421 τῶν
1049 1390 1149 1438 μεν
1170 1366 1353 1423 ἄλλων
1371 1368 1819 1438 ἐπιτηδευμάτων
1839 1366 1958 1437 τάχ’

286 1446 359 1502 ἄν
379 1470 456 1511 τις
477 1450 567 1503 καὶ
587 1449 711 1518 περὶ
733 1447 906 1504 ἄλλου
925 1456 1150 1504 τοιαῦτα
1171 1458 1338 1519 εἴποι,
1360 1448 1420 1504 τὸ
1444 1452 1501 1504 δε
1515 1451 1711 1545 μηδενὶ
1732 1447 1963 1516 ἀνθρῶ-
2020 1488 2028 1494 ψ-

287 1550 409 1584 πων
438 1527 634 1600 όμοιον
663 1529 828 1600 εἶναι,
867 1531 1000 1602 μήτε
1034 1538 1146 1587 τῶν
1174 1537 1424 1586 παλαιῶν
1453 1530 1584 1601 μήτε
1606 1536 1718 1585 τῶν
1736 1536 1843 1584 νῦν
1863 1528 1962 1584 ὅν-
2024 1595 2028 1597 ,

286 1634 425 1682 των,
466 1619 628 1668 τοῦτο
659 1612 813 1678 ἀξιον
843 1612 1048 1678 παντὸς
1077 1614 1378 1684 θαύματος.
1425 1609 1535 1676 οἶος
1557 1635 1662 1682 γαρ
1691 1609 1962 1681 Ἀχιλλευς

286 1696 519 1764 ἐγένετο,
545 1692 895 1750 ἀπεικάσειεν
914 1694 983 1750 ἄν
1003 1719 1082 1761 τις
1102 1699 1191 1751 καὶ
1209 1699 1490 1766 Βρασίδαν
1510 1695 1601 1750 καὶ
1621 1693 1823 1757 ἄλλους
1837 1735 1850 1762 ,
1873 1694 1962 1747 καὶ
2022 1690 2028 1717 ”

217 1784 253 1824 D
287 1772 400 1839 οἷος
421 1769 493 1830 αὖ
513 1782 811 1847 Περικλῆς,
835 1779 924 1832 καὶ
945 1779 1198 1846 Νέστορα
1218 1780 1309 1832 καὶ
1323 1776 1647 1846 Ἀντήνορα,
1669 1777 1769 1830 εἰσὶ
1794 1776 1851 1829 δὲ
1873 1776 1962 1829 καὶ
2018 1795 2028 1806 ⁴

288 1859 488 1927 ἕτεροι·
519 1860 608 1913 καὶ
629 1856 757 1921 τούς
777 1857 981 1921 ἄλλους
999 1859 1136 1912 κατὰ
1157 1855 1311 1912 ταῦτ’
1338 1856 1408 1911 ἄν
1425 1879 1503 1921 τις
1522 1855 1800 1922 ἀπεικάζοι
1814 1879 1824 1889 ·
1848 1851 1961 1919 οἷος
2016 1865 2028 1914 -·.’

290 1939 346 1995 δὲ
367 1937 555 1995 οὑτοσὶ
573 1942 763 2008 γέγονε
790 1935 891 2008 τὴν
910 1936 1141 1992 ἀτοπίαν
1160 1937 1483 2006 ἄνθρωπος,
1506 1939 1596 1992 καὶ
1616 1936 1780 2000 αὐτὸς
1798 1938 1889 1991 καὶ
1911 1940 1965 1991 oc
2022 1951 2023 1955 ’

289 2021 444 2092 λόγοι
474 2019 676 2089 αὐτοῦ,
718 2016 839 2074 οὐδ’
874 2017 1037 2088 ἐγγὺς
1067 2015 1138 2073 ἄν
1170 2016 1323 2086 εὕροι
1343 2040 1421 2081 τις
1452 2022 1650 2088 ζητῶν,
1690 2015 1818 2073 οὔτε
1848 2024 1959 2072 τῶν

291 2111 398 2160 νῦν
427 2103 555 2158 οὔτε
584 2108 696 2157 τῶν
726 2107 1003 2172 παλαιῶν,
1049 2106 1098 2156 εί
1125 2099 1196 2171 μὴ
1228 2098 1333 2168 ἄρα
1354 2105 1403 2155 εί
1420 2095 1499 2164 οἷς
1519 2098 1624 2169 ἐγώ
1644 2102 1785 2169 λέγω
1806 2098 1961 2154 ἀπει-

285 2187 440 2252 ,κάζοι
459 2208 537 2250 τις
556 2183 751 2252 αὐτόν,
772 2181 1092 2253 ἀνθρώπων
1112 2186 1213 2254 μὲν
1232 2187 1450 2253 μηδενί,
1483 2193 1592 2247 τοῖς
1617 2183 1674 2237 δὲ
1694 2189 1961 2251 σειληνοῑς
2026 2220 2028 2247 ³

290 2270 378 2323 καὶ
397 2267 670 2336 σατύροις,
691 2263 862 2321 αὐτὸν
881 2267 971 2320 καὶ
991 2263 1119 2330 τούς
1139 2264 1351 2335 λόγους.

429 2353 678 2404 XXXVII.
745 2350 852 2402 Καὶ
887 2346 992 2417 γάρ
1031 2340 1134 2403 οὖν
1171 2349 1261 2402 καὶ
1295 2353 1454 2401 τοῦτο
1495 2347 1554 2400 ἐν
1592 2357 1701 2410 τοῖς
1730 2345 1960 2416 πρώτοις

291 2431 620 2500 παρέλιπον,
660 2429 743 2484 ὅτι
774 2431 864 2485 καὶ
902 2432 957 2485 οἱ
985 2429 1137 2499 λόγοι
1167 2427 1342 2484 αὐτοῦ
1373 2425 1686 2498 ὁμοιότατοί
1715 2433 1818 2483 εἰσι
1855 2439 1962 2490 τοῖς
2008 2486 2028 2494 ‚,

228 2525 262 2566 E
293 2519 562 2582 σειληνοῖς
584 2524 693 2576 τοῖς
709 2515 1086 2583 διοιγομένοις.
1110 2516 1158 2567 εἰ
1171 2510 1276 2581 γὰρ
1298 2513 1473 2566 ἐθέλει
1496 2533 1574 2575 τις
1594 2517 1705 2566 τῶν
1726 2508 1962 2576 Σωκρά-
2007 2519 2028 2586 5153

292 2615 419 2660 τους
455 2592 681 2649 ἀκούειν
721 2594 932 2663 λόγων,
983 2606 1209 2664 φανεῖεν
1257 2589 1328 2648 ἀν
1374 2601 1575 2663 γελοῖοι
1618 2591 1676 2647 τὸ
1717 2596 1957 2660 πρῶτον·
2011 2612 2021 2659 j·

291 2683 517 2733 τοιαῦτα
546 2678 635 2732 καὶ
656 2674 895 2746 ὀνόματα
915 2678 1005 2732 καὶ
1025 2677 1238 2748 ῥήματα
1261 2680 1469 2741 ἔξωθεν
1489 2676 1959 2744 περιαμπέχονται,
2006 2687 2016 2737 J·

292 2759 537 2830 σατύρου
558 2759 627 2815 ἄν
647 2781 769 2813 τινα
790 2757 1054 2830 ὑβριστοῦ
1075 2758 1260 2829 δοράν.
1300 2757 1464 2821 ὅνους
1493 2754 1597 2825 γάρ
1629 2761 1964 2824 κανθηλίους

291 2848 434 2911 λέγει
463 2846 552 2899 καὶ
572 2843 800 2912 χαλκέας
819 2840 973 2905 τινάς
992 2844 1080 2896 καὶ
1103 2841 1471 2910 σκυτοτόμους
1490 2839 1579 2892 καὶ
1597 2840 1959 2908 βυρσοδέψας,
