2028 3198
312 149 410 200 160
920 146 1392 194 ΠΛΑΤΩΝΟΣ
1551 112 1554 113 ᾗ
1928 159 1983 200 22

307 281 671 351 ἀνθρωπίνην
690 275 864 347 φύσιν
883 279 973 332 καὶ
991 277 1058 332 τὰ
1078 278 1379 349 παθήματα
1400 278 1582 366 αὐτῆς.
1620 279 1653 353 ἡ
1679 282 1784 354 γὰρ
1815 283 1980 338 πάλαι

305 364 462 435 ἡμῶν
483 361 658 462 φύσις
671 357 770 429 οὐχ
790 357 928 430 αὕτη
949 354 1046 431 ἦν,
1068 359 1208 431 ἤπερ
1227 383 1365 432 νυν,
1396 347 1508 417 ἀλλ’
1536 359 1741 420 ἀλλοία.
1764 384 1982 434 πρωτον

304 444 404 515 μὲν
431 441 538 514 γὰρ
569 446 692 511 τρία
719 443 791 512 ἠν
819 439 884 496 τὰ
915 444 1046 513 γένη
1076 440 1142 497 τὰ
1163 448 1274 498 τῶν
1295 442 1641 516 ἀνθρώπων,
1681 444 1780 517 οὐχ
1800 462 1980 515 ωσπερ

245 538 276 578 Ε
309 532 418 581 νῦν
437 521 601 592 6²50‚’
577 523 749 594 άρρεν
767 525 855 578 καὶ
875 530 1051 594 θῆλυ,
1082 522 1220 579 ἀλλὰ
1239 525 1330 579 καὶ
1349 530 1535 592 τρίτον
1557 533 1773 598 προσῆν
1792 527 1982 582 κοινὸν

305 604 371 663 ὃν
407 604 735 677 ἀμφοτέρων
764 603 1003 675 τούτων,
1043 597 1113 660 οὗ
1139 610 1248 660 νῦν
1275 603 1451 675 ὄνομα
1491 607 1713 678 λοιπόν,
1753 605 1885 662 αὐτὸ
1924 606 1981 662 δὲ

302 686 626 761 ἠφάνισται·
666 684 1018 755 ἀνδρόγυνον
1045 684 1152 755 γὰρ
1184 687 1245 740 ἓν
1262 686 1383 741 τότε
1414 709 1516 757 μεν
1533 681 1605 758 ἦν
1623 691 1712 744 καὶ
1732 688 1872 754 εἶδος
1891 691 1980 744 και

306 768 483 840 ὄνομα
513 771 567 834 ἐξ
597 765 927 839 ἀμφοτέρων
955 766 1149 823 κοινὸν
1176 774 1277 822 τοῦ
1305 790 1362 823 τε
1392 766 1624 840 ἄρρενος
1651 772 1742 826 καὶ
1759 770 1978 841 θήλεος,

305 856 414 905 νῦν
435 848 485 904 δ’
512 845 615 904 οὐκ
637 853 784 904 ἔστιν
804 847 927 904 ἀλλ’
948 843 982 919 ἦ
1003 851 1062 903 ἐν
1082 847 1281 904 ὀνείδει
1299 847 1476 920 ὄνομα
1492 856 1760 922 κείμενον.
1798 856 1978 907 ἔπειτα
2024 905 2028 908 ,

306 931 440 986 ὅλον
477 924 549 1001 ἦν
588 930 821 985 ἑκάστου
860 935 956 984 τοῦ
1001 928 1309 1001 ἀνθρώπου
1344 929 1404 985 τὸ
1441 929 1582 996 εἶδος
1620 930 1978 1002 στρογγύλον,

306 1019 485 1070 νῶτον
516 1015 606 1068 καὶ
634 1011 876 1084 πλευρὰς
904 1012 1092 1086 κύκλῳ
1123 1016 1275 1083 ἔχον,
1309 1023 1488 1082 χεῖρας
1510 1012 1566 1068 δὲ
1587 1016 1840 1082 τέτταρας
1859 1011 1979 1082 εἶχε,

308 1097 396 1150 καὶ
418 1095 582 1164 σκέλη
603 1092 668 1148 τὰ
699 1102 789 1149 ἴσα
820 1105 934 1158 ταῖς
964 1098 1139 1163 χερσί,
1177 1095 1265 1149 καὶ
1287 1093 1554 1164 πρόσωπα
1576 1091 1665 1148 δύ’
1687 1092 1773 1150 ἐπ’
1796 1091 1980 1163 αὐχένι

197 1190 278 1235 190
308 1183 642 1244 κυκλοτερεῖ,
665 1173 827 1246 ὅμοια
847 1176 1049 1246 πάντῃ·
1081 1174 1330 1244 κεφαλὴν
1349 1172 1402 1228 δ’
1427 1172 1503 1228 ἐπ’
1525 1173 1853 1245 ἀμφοτέροις
1871 1185 1981 1237 τοῖς

306 1257 622 1327 προσώποις
658 1259 924 1320 ἐναντίοις
961 1258 1228 1326 κειμένοις
1264 1260 1421 1326 μίαν,
1463 1258 1552 1311 καὶ
1589 1249 1701 1310 ὦτα
1736 1258 1978 1323 τέτταρα,

305 1342 395 1394 καὶ
423 1343 603 1394 αἰδοῖα
634 1337 761 1406 δύο,
798 1340 888 1394 καὶ
917 1331 1087 1392 τᾶλλα
1119 1336 1295 1391 πάντα
1321 1334 1393 1401 ὡς
1422 1334 1528 1391 ἀπὸ
1561 1336 1774 1392 τούτων
1803 1335 1873 1391 ἄν
1903 1359 1981 1401 τις

308 1421 590 1477 εἰκάσειεν.
613 1421 906 1489 ἐπορεύετο
929 1421 1090 1475 δὲκαὶ
1111 1415 1290 1487 ὀρθὸν
1311 1416 1493 1487 ὥσπερ
1515 1424 1648 1488 νῦν,
1674 1417 1979 1488 ὁποτέρωσε

305 1508 636 1576 βουληθείη·
657 1503 747 1557 καὶ
768 1499 932 1557 ὁπότε
952 1499 1087 1571 ταχὺ
1108 1497 1363 1571 ὁρμήσειε
1383 1507 1524 1566 θεῖν,
1547 1498 1728 1568 ὥσπερ
1749 1505 1805 1554 οἱ
1820 1505 1980 1570 κυβι·

305 1592 539 1650 στῶντες
578 1588 651 1649 εἰς
699 1582 879 1654 ὀρθὸν
915 1581 981 1637 τά
1018 1583 1183 1652 σκέλη
1223 1581 1646 1653 περιφερόμενοι
1683 1587 1980 1652 κυβιστῶσι

304 1667 522 1740 κύκλῳ,
557 1663 698 1721 όκτω
731 1665 851 1721 τότε
885 1658 1010 1719 οὖσι
1038 1675 1149 1728 τοῖς
1167 1664 1386 1734 μέλεσιν
1407 1661 1818 1734 ἀπερειδόμενοι
1842 1663 1978 1732 ταχύ

242 1761 272 1800 Β
306 1750 569 1819 ἐφέροντο
608 1748 810 1819 κύκλῳ.
850 1741 920 1817 ἦν
951 1746 1008 1802 δὲ
1039 1744 1127 1801 διὰ
1157 1751 1327 1800 ταῦτα
1357 1749 1479 1815 τρία
1508 1742 1572 1799 τὰ
1598 1746 1728 1814 γένη
1759 1745 1849 1800 καὶ
1867 1766 1980 1800 τοι-

306 1835 473 1898 αὕτα,
510 1827 594 1883 ὅτι
624 1829 684 1883 τὸ
706 1829 807 1898 μὲν
838 1826 1006 1896 ἄρρεν
1025 1821 1097 1897 ἦν
1117 1832 1216 1881 τοῦ
1235 1823 1394 1896 ἡλίου
1412 1825 1515 1896 τὴν
1534 1822 1708 1927 ἀρχὴν
1731 1829 1979 1895 ἔκγονον,

305 1911 364 1965 τὸ
399 1910 457 1965 δε
479 1916 629 1979 θῆλυ
661 1916 755 1979 τῆς
776 1914 897 1978 γῆς,
935 1906 996 1962 τὸ
1029 1909 1087 1962 δε
1117 1905 1445 2007 ἀμφοτέρων
1464 1908 1686 1976 μετέχον
1703 1913 1798 1975 τῆς
1819 1906 1981 1976 σελή-

307 2013 431 2061 νης,
475 1989 559 2045 ὅτι
585 1993 675 2059 καὶ
703 1987 735 2060 ἡ
770 1989 970 2060 σελήνη
1003 1986 1330 2058 ἀμφοτέρων
1359 1988 1589 2057 μετέχει·
1630 1993 1897 2057 περιφερῆ
1921 1986 1978 2041 δὲ

309 2073 373 2144 δὴ
403 2076 473 2145 ἠν
501 2073 591 2128 καὶ
622 2068 759 2127 αὐτὰ
792 2073 881 2127 καὶ
911 2069 944 2142 ἡ
976 2076 1167 2140 πορεία
1188 2068 1372 2124 αὐτων
1394 2067 1481 2124 διὰ
1501 2066 1561 2123 τὸ
1590 2079 1702 2132 τοῖς
1721 2074 1981 2137 γονεῦσιν

307 2156 470 2226 ὅμοια
503 2153 654 2210 εἶναι.
694 2148 767 2225 ἦν
797 2147 901 2209 οὖν
919 2152 1020 2223 τὴν
1041 2150 1200 2222 ἰσχὺν
1219 2148 1370 2206 δεινὰ
1391 2150 1482 2205 καὶ
1508 2147 1608 2219 τὴν
1628 2148 1845 2220 ρώμην,
1891 2150 1979 2204 καὶ

292 2235 369 2290 ’τὰ
393 2236 722 2308 φρονήματα
750 2233 959 2306 μεγάλα
989 2232 1160 2304 εἶχον,
1201 2235 1552 2302 ἐπεχείρησαν
1583 2229 1641 2285 δὲ
1670 2241 1782 2295 τοῖς
1812 2238 1977 2300 θεοῖς,
2025 2304 2028 2306 -

308 2318 399 2372 καὶ
419 2315 449 2372 ὃ
467 2315 855 2386 λέγειὍμηρος
874 2314 994 2385 περὶ
1011 2311 1300 2383 Ἐφιάλτου
1318 2333 1374 2366 τε
1394 2310 1681 2381 καὶ’Ώτου,
1701 2314 1822 2381 περὶ
1843 2314 1977 2367 ἐκεί-

249 2417 279 2458 G
310 2420 424 2453 νων
472 2399 709 2467 λέγεται,
759 2395 819 2451 τὸ
858 2400 934 2461 εἰς
973 2393 1073 2450 τὸν
1108 2392 1350 2464 οὐρανὸν
1387 2393 1659 2465 ἀνάβασιν
1695 2396 1978 2463 ἐπιχειρεῖν

308 2489 511 2547 ποιεῖν,
536 2475 608 2542 ὡς
625 2479 1045 2548 ἐπιθησομένων
1064 2488 1174 2541 τοῖς
1191 2484 1359 2540 θεοῖς.

446 2565 556 2616 XV.
622 2556 678 2613 Ὁ
700 2553 804 2613 οὖν
824 2558 962 2623 Ζεὺς
983 2560 1072 2614 καὶ
1091 2563 1146 2614 οἱ
1165 2558 1321 2614 ἄλλοι
1339 2561 1460 2613 θεοὶ
1481 2556 1857 2629 ἐβουλεύοντο,
1879 2554 1910 2610 ὅ
1929 2577 1977 2610 τι
2013 2607 2026 2611 „

307 2643 407 2711 χρὴ
430 2639 901 2711 αὐτοὺςνποιῆσαι,
940 2643 1030 2696 καὶ
1057 2639 1333 2712 ἠπόρουν·
1377 2640 1502 2695 οὔτε
1530 2639 1635 2710 γὰρ
1665 2635 1812 2701 ὅπως
1841 2635 1979 2691 άπο-

309 2727 575 2778 κτείναιεν
617 2720 762 2791 εἶχον
791 2724 880 2777 καὶ
902 2720 1084 2792 ὥσπερ
1104 2722 1235 2788 τούς
1253 2728 1509 2793 γίγαντας
1531 2717 1977 2786 κεραυνώσαντες
2024 2789 2028 2792 .

308 2801 367 2856 τὸ
405 2807 562 2872 γένος
601 2804 930 2874 ἀφανίσαιεν
957 2837 1026 2845 ——-
1057 2808 1116 2859 αἱ
1143 2807 1288 2875 τιμαὶ
1315 2801 1420 2873 γάρ
1451 2800 1634 2864 αὐτοῖς
1662 2802 1751 2856 καὶ
1772 2800 1889 2870 ἱερὰ
1909 2799 1973 2854 τὰ
2025 2824 2028 2825 ’
