2028 3198
0 0 1083 77 [waz‘rt‘vww
1487 0 1491 2 ‘
1546 7 1554 12 ·

0 167 8 184 ²
68 167 153 213 109
712 139 1096 206 ΦΑΙΔΡΟΣ
1644 150 1747 203 247

66 294 271 367 ἀληθὲς
296 298 648 364 προσπαίζων
677 293 739 347 ἐν
768 288 953 360 λόγοις
980 288 1219 360 παράγοι
1256 286 1390 353 τοὺς
1423 286 1746 353 ἀκούοντας.

68 376 159 431 καὶ
187 379 386 446 ἔγωγε,
425 369 471 431 ὦ
499 376 707 443 Φαῖδρε
720 414 735 440 ,
774 376 1028 442 αἰτιῶμαι
1056 370 1188 435 τοὺς
1223 372 1512 435 ἐντοπίους
1548 369 1722 434 θεούς
1735 389 1747 400 ·

66 465 199 522 ἰσως
228 458 287 512 δὲ
316 459 407 512 καὶ
435 459 495 512 οἱ
517 462 631 511 τῶν
656 459 915 510 Μουσῶν
943 459 1224 524 προφῆται
1253 455 1311 508 οἱ
1335 449 1475 522 ὑπὲρ
1506 457 1750 521 κεφαλῆς

64 535 197 601 ω’δοὶ
214 537 673 602 ἐπιπεπνευκότες
690 531 762 591 ἂν
778 532 911 606 ἡμῖν
930 532 1040 590 εἷεν
1059 541 1222 590 τοῦτο
1242 532 1303 590 τὸ
1323 537 1511 605 γέρας·
1551 531 1620 589 οὐ
1638 532 1747 603 γάρ

62 638 175 673 που
193 623 365 689 ἔγωγε
381 624 574 689 τέχνης
591 614 741 681 τινὸς
759 622 862 671 τοῦ
880 618 1062 686 λέγειν
1077 619 1316 688 μέτοχος.

205 704 357 755 ΦΑῙ.
403 698 575 754 Ἔστω
598 695 670 763 ὡς
688 701 886 767 λέγεις·
919 697 1100 768 μόνον
1118 697 1372 768 δήλωσον
1393 693 1425 750 ὃ
1445 694 1568 768 φῄς.

202 783 329 836 ΣΩ.
366 778 480 835 Ἴθι
509 779 576 850 δή
606 800 699 849 μοι
735 777 1028 848 ἀνάγνωθι
1064 777 1166 848 τὴν
1193 783 1297 832 τοῦ
1323 783 1538 833 Λυσίου
1574 775 1748 847 λόγου

64 883 259 933 αρχην.

205 949 358 999 ΦΑΙ.
412 944 550 1014 Περὶ
568 945 670 1013 μὲν
683 947 798 996 τῶν
813 942 961 1011 ἐμῶν
977 938 1316 1009 πραγμάτων
1331 941 1631 1010 ἐπίστασαι,
1653 941 1746 995 καὶ
1775 953 1808 994 Ε

62 1021 139 1088 ῶς
158 1028 359 1095 νομίζω
377 1024 685 1094 συμφέρειν
702 1019 834 1094 ἡμῖν
862 1019 1077 1076 τούτων
1104 1023 1450 1092 γενομένων,
1489 1018 1745 1093 ἀκήκοας.

61 1104 197 1172 ἆξιῶ
223 1106 281 1162 δὲ
314 1104 387 1177 μὴ
419 1103 510 1161 διὰ
539 1111 704 1160 τοῦτο
735 1102 1004 1175 ἀτυχῆσαι
1025 1095 1107 1158 ῶν
1126 1104 1345 1174 δέομαι,
1385 1102 1471 1160 ὅτι
1492 1103 1597 1160 οὐκ
1618 1107 1747 1174 ἐρα-

62 1186 196 1257 στὴς
224 1182 304 1243 ὦν
325 1194 431 1243 σοῦ
450 1186 720 1257 τυγχάνω.
769 1183 842 1251 ὥς
860 1187 1089 1250 ἐκείνοις
1108 1184 1210 1255 μὲν
1231 1184 1354 1241 τότε
1372 1188 1659 1257 μεταμέλει
1676 1219 1745 1227 —-

205 1273 329 1324 ΣΩ.
386 1274 623 1323 Παῦσαι.
677 1273 735 1323 τί
747 1267 814 1338 δὴ
843 1260 950 1321 οὖν
978 1259 1140 1331 οὗτος
1167 1265 1471 1338 ἁμαρτάνει
1499 1271 1590 1323 καὶ
1620 1266 1748 1323 ἄτε-

66 1372 201 1419 χνον
218 1362 387 1420 ποιεῖ,
407 1353 643 1406 λεκτέον.
693 1342 728 1420 ἦ
748 1350 883 1419 γάρ;
1771 1360 1859 1407 263

206 1438 356 1488 ΦΑΙ.
419 1437 550 1488 Ναί.

206 1520 382 1570 XLVI.
456 1518 581 1570 ΣΩ.
636 1508 743 1582 Ἆρ’
767 1506 873 1567 οὖν
892 1510 961 1567 οὐ
979 1514 1141 1568 παντὶ
1162 1515 1334 1582 δῆλον
1351 1512 1414 1568 τό
1433 1533 1495 1582 γε
1509 1509 1744 1580 τοιόνδε,

64 1594 139 1661 ὡς
156 1598 279 1665 περὶ
299 1596 400 1667 μὲν
419 1600 538 1651 ἔνια
556 1601 669 1651 τῶν
687 1595 957 1651 τοιούτων
975 1591 1348 1665 ὁμονοητικῶς
1366 1599 1562 1666 ἔχομεν
1574 1635 1588 1663 ,
1621 1592 1744 1662 περὶ

65 1674 121 1731 δ’
140 1680 259 1732 ἔνια
280 1683 671 1741 στασιωτικῶςς

205 1764 355 1814 ΦΛΙ.
409 1765 578 1814 Δοκῶ
597 1759 700 1829 μὲν
718 1756 751 1814 ὂ
770 1760 944 1829 λέγεις
962 1757 1304 1829 μανθάνειν,
1336 1762 1412 1812 ἔτι
1434 1755 1482 1812 δ’
1511 1759 1623 1812 εἰπὲ
1645 1772 1747 1811 σα-

63 1842 350 1910 φέστερον.

207 1926 332 1977 ΣΩ.
377 1920 544 1977 Ὅταν
573 1944 654 1988 τις
683 1922 859 1994 ὄνομα
891 1931 1017 1995 εἴπῃ
1046 1923 1280 1995 σιδήρου
1298 1918 1335 1994 ἦ
1354 1919 1624 1993 ἀργύρου,
1649 1915 1741 1991 ἆρ’

64 2003 136 2057 οὐ
153 2000 215 2057 τὸ
237 2001 372 2059 αὐτὸ
394 2004 596 2069 πάντες
615 2006 1015 2077 &ammianum

204 2090 356 2141 ΦΑΙ.
398 2088 518 2146 ,Καὶ
537 2087 699 2156 μάλα.

205 2171 328 2223 ΣΩ.
386 2173 455 2223 Τί
480 2166 529 2222 δ’
553 2167 691 2224 ὅταν
711 2173 928 2225 δικαίου
946 2167 982 2240 ἦ
1006 2168 1260 2239 ἀγαθούς
1294 2167 1398 2223 οὐκ
1418 2165 1584 2232 ἄλλος
1604 2165 1745 2240 ἄλλῃ

61 2259 285 2312 φέρεται
299 2290 315 2318 ,
335 2249 427 2304 καὶ
444 2246 899 2320 ἀμφισβητοῦμεν
918 2249 1173 2321 άλλήλοις
1191 2270 1249 2305 τε
1269 2251 1355 2305 καὶ
1380 2248 1510 2320 ἡμῖν
1530 2245 1744 2315 αὐτοῑς;

205 2334 357 2385 ΦΑΙ.
405 2330 573 2386 Πάνυ
591 2333 692 2401 μὲν
712 2325 830 2386 οὖν.

202 2416 327 2467 ΣΩ.
379 2409 468 2467 Ἐν
496 2411 597 2482 μὲν
626 2411 734 2481 ἄρα
753 2423 866 2477 τοῖς
886 2418 1327 2484 συμφωνοῦμεν,
1365 2415 1426 2469 ἐν
1445 2412 1502 2469 δὲ
1522 2423 1634 2478 τοῖς
1653 2411 1738 2469 οὔ.
1777 2423 1804 2465 Β

204 2497 353 2547 ΦΑΙ.
411 2490 619 2556 Οὕτως.

202 2577 326 2628 ΣΩ.
382 2577 675 2642 Ποτέρωθι
711 2568 816 2630 οὖν
854 2571 1317 2647 εὐαπατητότεροί
1349 2578 1541 2646 ἐσμεν,
1581 2578 1671 2631 καὶ
1709 2573 1742 2645 ἡ

29 2652 322 2725 ι’ὀητορικὴ
344 2657 404 2710 ἐν
423 2658 673 2723 ποτέροις
692 2660 876 2726 μεῖζον
894 2656 1151 2722 δύναται;

204 2741 354 2792 ΦΑῙ.
408 2744 602 2808 Δῆλον
621 2735 705 2793 ὅτι
722 2739 783 2793 ἐν
802 2734 882 2803 οἷς
901 2740 1255 2810 πλανώμεθα.

202 2824 325 2875 Σὸἑ.
380 2818 611 2875 Οὐκοῦν
629 2820 727 2875 τὸν
745 2822 1015 2890 μέλλοντα
1034 2825 1230 2892 τέχνην
1250 2819 1548 2893 ῥητορικὴν
1565 2821 1717 2892 μετ-ιε’
