2028 3198
0 0 746 82 ffizffffvmoen
937 4 945 9 ,
1018 0 1030 5 -

5 87 28 107 ’Β
69 140 125 186 ²⁷
643 128 1038 179 2TM11021
1056 126 1176 176 01v.
1649 122 1749 175 165

70 273 226 335 ρίους
242 267 331 321 καὶ
350 262 681 335 εὐδαίμονας
699 267 937 332 ποιῆσαι.
991 253 1181 329 οὗτος,
1202 264 1307 331 ἔφη
1322 301 1336 328 ,
1359 252 1404 314 ὦ
1419 256 1749 331 Ἐρυξίμαχε,

71 346 99 404 ὁ
129 347 258 418 ἐμὸς
285 346 448 416 λόγος
477 346 587 400 ἐστὶ
615 345 739 414 περὶ
755 343 1016 413 Ἔρωτος,
1055 341 1274 407 άλλοῖος
1291 338 1328 413 ἢ
1345 339 1375 397 ὁ
1399 341 1508 406 σός.
1565 339 1749 410 ὥσπερ

70 421 176 485 οὖν
193 427 435 498 ἐδεήθην
457 442 579 495 σου,
599 422 673 495 μὴ
695 424 1037 498 κωμωδήσῃς
1057 421 1257 493 αὐτόν,
1277 427 1370 479 ἵνα
1392 425 1615 479 καὶτῶν
1635 429 1755 479 λοι-

69 517 192 567 πῶν
210 506 539 578 ἀκούσωμεν
566 512 620 560 τί
642 507 871 569 ἕκαστος
900 507 1039 575 ἐρεῖ,
1081 510 1294 576 μᾶλλον
1323 505 1380 560 δὲ
1399 511 1454 560 τί
1471 503 1752 572 ἑκάτερος·
1787 519 1819 559 E

70 591 321 660 Ἀγάθων
340 586 448 659 γὰρ
468 590 558 643 καὶ
577 587 882 657 Σωκράτης
902 592 1098 642 λοιποί.

210 677 365 727 xvll.
435 668 594 726 Ἀλλά
615 676 872 740 πείσομαί
889 686 1003 739 σοι,
1035 672 1140 738 ἔφη
1162 668 1336 737 φάναι
1356 666 1755 738 τόνἘρυξίμα-

69 776 193 824 χον·
233 755 320 808 καὶ
355 751 459 822 γάρ
492 774 583 822 μοι
605 749 632 805 ὁ
655 750 820 820 λόγος
837 749 1011 821 ἡδέως
1029 749 1255 821 ἐρρήθη.
1314 751 1405 804 καὶ
1425 748 1563 820 εἰμὴ
1586 747 1755 820 ξυνῄ-

73 839 189 890 δειν
208 834 498 903 Σωκράτει
525 854 583 888 τε
612 834 702 887 καὶ
719 832 996 902 Ἀγάθωνι
1024 835 1222 896 δεινοῖς
1243 824 1370 886 οὖσι
1387 829 1595 900 περὶτὰ
1617 833 1755 898 ἐρω-

71 918 222 973 τικά.
267 916 417 971 πάνυ
449 911 520 970 ἂν
547 914 896 985 ἐφοβούμην,
935 911 1006 984 μὴ
1040 911 1360 984 άπορήσωσι
1380 913 1564 983 λόγων
1583 910 1672 967 διὰ
1692 909 1751 966 τὸ

70 997 244 1053 πολλὰ
268 999 358 1052 καὶ
378 994 700 1052 παντοδαπά
723 1001 980 1066 εἰρῆσθαι
996 1017 1006 1026 ·
1033 1001 1140 1051 νῦν
1162 995 1220 1052 δὲ
1240 994 1389 1066 ὅμως
1405 1000 1617 1066 θαρρῶ.
1655 993 1755 1049 τὸν

75 1073 180 1135 οὖν
198 1079 471 1149 Σωκράτη
493 1083 665 1133 εἰπεῖν
682 1083 881 1142 Καλῶς
899 1075 1005 1147 γάρ
1025 1076 1191 1142 αὐτὸς
1209 1076 1504 1149 ἠγώνισαι,
1538 1099 1579 1132 ω
1594 1073 1754 1147 Ἐρυ-
1784 1085 1868 1132 194

75 1167 283 1231 ξίμαχε·
322 1165 372 1215 εί
397 1161 456 1215 δὲ
486 1166 672 1231 γένοιο
705 1153 775 1215 οὗ
795 1166 902 1214 νῦν
923 1159 1028 1229 ἐγώ
1050 1165 1184 1231 είμι,
1223 1166 1435 1230 μᾶλλον
1456 1162 1515 1215 δὲ
1534 1167 1665 1224 ἴσως
1686 1151 1755 1213 οὗ

71 1249 288 1313 ἑσομαι,
310 1240 534 1298 ἐπειδὰν
554 1244 644 1296 καὶ
661 1240 918 1311 Ἀγάθων
939 1250 1090 1315 εἰπη,
1118 1245 1182 1298 εὐ
1201 1245 1291 1298 καὶ
1311 1242 1442 1314 μάλ’
1465 1239 1538 1298 ἂν
1557 1246 1754 1314 φοβοῖο

71 1327 158 1380 καὶ
192 1327 252 1380 ἐν
282 1325 443 1379 παντὶ
472 1331 611 1394 εἴης,
652 1322 836 1392 ὥσπερ
865 1323 970 1394 ἐγω
1002 1331 1124 1380 νῦν.
1182 1325 1528 1396 Φαρμάττειν
1562 1324 1756 1397 βούλει

71 1429 164 1476 με,
206 1400 248 1461 ὦ
266 1406 587 1475 Σώκρατες,
634 1410 805 1461 εἰπεῖν
834 1407 932 1461 τὸν
956 1405 1279 1478 Ἀγάθωνα,
1315 1410 1407 1462 ίνα
1437 1412 1753 1478 θορυβηθῶ

72 1487 160 1543 διὰ
189 1486 249 1543 τό
282 1494 499 1543 οἴεσθαι
528 1486 588 1542 τό
619 1490 863 1557 θέατρον
894 1492 1234 1556 προσδοκίαν
1252 1490 1495 1560 μεγάλην
1517 1493 1659 1559 ἔχειν
1680 1484 1753 1553 ὡς

72 1565 135 1627 εὖ
153 1573 414 1639 ἐροῦντος
433 1572 583 1640 ἐμοῦ.
622 1568 964 1641 Ἐπιλήσμων
982 1569 1135 1641 μέντ’
1157 1567 1228 1625 ἄν
1251 1579 1396 1641 εἴην,
1419 1564 1462 1626 ὦ
1479 1567 1750 1640 Ἀγάθων,

71 1658 243 1708 εἰπεῖν
265 1650 370 1707 τὸν
388 1650 686 1721 Σωκράτη,
717 1655 767 1707 εἰ
783 1651 920 1707 ἰδὼν
941 1650 1043 1724 τὴν
1063 1651 1168 1723 σὴν
1188 1651 1449 1719 ἀνδρείαν
1467 1654 1554 1707 καὶ
1577 1673 1748 1722 μεγα-
1776 1669 1810 1712 Β

75 1731 431 1803 λοφροσύνην
459 1730 857 1803 ἀναβαίνοντος
886 1736 972 1789 ἐπὶ
1001 1733 1101 1790 τὸν
1130 1732 1430 1806 ὀκρίβαντα
1467 1734 1601 1805 μετὰ
1638 1740 1752 1789 τῶν

74 1813 405 1883 ὑποκριτῶν,
426 1815 515 1869 καὶ
535 1815 838 1885 βλέψαντος
855 1817 1077 1870 ἐναντία
1095 1815 1340 1889 τοσούτῳ
1358 1815 1598 1889 θεάτρῳ,
1619 1819 1752 1886 μέλ-

72 1904 264 1960 λοντος
293 1898 656 1961 ἐπιδείξεσθαι
679 1902 889 1951 σαυτοῦ
908 1896 1137 1969 λόγους,
1177 1901 1266 1954 καὶ
1289 1895 1414 1952 οὐδ’
1435 1894 1751 1953 ὁπωστιοῦν

68 1980 459 2047 ἐκπλαγέντος,
507 1983 616 2032 νῦν
657 1982 910 2050 οἰηθείην
946 1996 1007 2034 σε
1044 1979 1551 2051 θορυβηθήσεσθαι
1587 1980 1750 2034 ἕνεκα

70 2057 226 2131 ἡμῶν
245 2057 447 2130 ὀλίγων
467 2057 805 2130 ἀνθρώπων.
868 2065 938 2115 Τί
953 2063 1038 2132 δέ,
1062 2055 1106 2116 ὦ
1124 2061 1446 2131 Σώκρατες;
1475 2059 1574 2115 τὸν
1588 2057 1751 2130 Ἀγά-

68 2149 230 2196 θωνα
250 2140 450 2211 φάναι,
491 2138 560 2195 ού
590 2141 658 2212 δή
691 2141 803 2196 πού
833 2163 899 2212 με
930 2140 1078 2197 οὕτω
1107 2142 1355 2210 θεάτρου
1386 2138 1590 2211 μεστὸν
1610 2138 1749 2211 ἡγεῖ,

8 2218 11 2226 ’
73 2220 208 2277 ὥστε
230 2222 319 2276 καὶ
338 2219 579 2293 ἀγνοεῖν,
594 2221 678 2278 ὅτι
694 2230 833 2279 νοῦν
853 2228 1028 2294 ἔχοντι
1047 2221 1220 2294 ὀλίγοι
1241 2228 1513 2294 ἔμφρονες
1528 2229 1751 2280 πολλῶν

14 2334 20 2339 -
70 2301 338 2373 ἀφρόνων
357 2303 755 2374 φοβερώτεροις
795 2303 880 2361 Οὐ
900 2303 1055 2375 μέντ’
1075 2301 1147 2360 ἄν
1166 2311 1345 2370 καλῶς
1363 2310 1609 2375 ποιοίην,
1637 2303 1749 2375 φά-
1778 2316 1808 2359 C

15 2379 23 2390 ’
70 2408 162 2440 ναι
181 2383 281 2439 τόν
300 2385 598 2456 Σωκράτη,
639 2380 682 2442 ὦ
697 2384 981 2457 Ἀγάθων,
1020 2387 1142 2456 περὶ
1163 2392 1267 2441 σοῦ
1285 2408 1337 2441 τι
1354 2385 1460 2457 ἐγώ
1482 2385 1750 2457 ἄγροικον

71 2470 334 2532 δοξάζων
371 2465 495 2522 ἀλλ’
517 2462 580 2522 εὖ
604 2465 792 2538 οἶδα,’
765 2490 847 2524 οτι
865 2475 918 2523 εἰ
932 2484 1074 2523 τισιν
1094 2467 1339 2538 ἐντύχοις
1358 2463 1456 2535 οὓς
1474 2466 1629 2540 ἡγοῖο
1650 2486 1750 2526 σο-

70 2549 214 2619 φούς
218 2589 241 2646 ‚⁹
268 2545 534 2619 μᾶλλον”
499 2570 571 2604 αν
591 2548 779 2606 αὐτων
799 2547 1164 2649 φροντίζοις”
1128 2573 1161 2623 η
1187 2557 1301 2607 ταῖν
1320 2557 1568 2608 πολλων·
1608 2549 1746 2607 ἀλλὰ

67 2629 142 2703 μὴ
165 2627 266 2700 οὐχ
286 2622 440 2686 οὗτοι
460 2629 613 2702 ἡμεῖς
633 2653 803 2703 ωμεν·
839 2629 990 2703 ἡμεῖς
1008 2634 1109 2704 μὲν
1127 2632 1233 2704 γὰρ
1255 2636 1344 2691 καὶ
1365 2636 1482 2691 ἐκεῖ
1494 2639 1748 2705 παρῆμεν

70 2705 214 2768 καὶ
179 2733 318 2782 ημεν
341 2720 453 2768 τῶν
472 2721 718 2770 πολλῶν·
759 2718 807 2770 εἰ
823 2714 881 2771 δὲ
902 2713 1087 2781 ἄλλοις
1105 2715 1352 2787 ἐντύχοις
1371 2727 1564 2786 σοφοῖς
1578 2757 1593 2786 ,
1623 2711 1746 2784 τάχ’

71 2810 144 2847 αν
171 2796 453 2867 αἰσχύνοιο
482 2795 656 2853 αὐτού
661 2819 714 2867 ς,
754 2805 869 2853 εἴτι
893 2804 1022 2863 ἰσως
1042 2805 1180 2854 otono
1203 2793 1482 2869 αἰσχρόν’“
1451 2819 1519 2852 ον
1538 2806 1740 2852 ποιεῖν·
1773 2813 1808 2854 D
