2028 3198
317 179 351 230 2
928 176 1406 226 ΠΛΑΤΩΝΟΣ

318 309 439 368 ἄλλ’
466 316 515 367 εἰ
531 315 636 381 δεῖ,
677 319 846 382 ἴωμεν
876 307 1008 376 παρ’
1039 304 1236 363 αὐτόν·
1273 307 1394 379 ἄρτι
1422 308 1528 379 γάρ
1559 310 1788 364 ἐνθένδε
1808 314 1992 364 οἴκαδε

207 407 287 452 127
317 402 520 464 οἴχεται
535 436 549 462 ,
571 399 712 449 οἰκεῖ
737 395 795 447 δὲ
819 389 984 462 ἐγγὺς
1012 393 1074 446 ἐν
1091 395 1317 460 Μελίτῃ.
1356 397 1527 445 ταῦτα
1544 389 1788 456 εἰπόντες
1807 393 1988 463 ἐβαδίι

318 481 495 546 ζομεν,
535 477 624 530 καὶ
657 474 1031 545 κατελάβομεν
1063 473 1160 528 τὸν
1194 471 1530 543 Ἀντιφῶντα
1560 481 1727 543 οἴκοι,
1767 474 1992 542 χαλινόν

317 579 438 612 τινα
468 563 658 626 χαλκεῖ
672 556 959 612 ἐκδιδόντα
978 555 1242 610 σκευάσαι
1258 575 1268 585 ·
1300 552 1482 624 ἐπειδὴ
1507 555 1563 609 δὲ
1584 557 1798 610 ἐκείνου
1817 554 1991 626 ἀπηλ-

318 638 456 707 λάγη
494 639 550 692 οἵ
586 659 643 692 τε
686 635 916 708 ἀδελφοὶ
955 642 1146 705 ἔλεγον
1189 633 1337 709 αὐτῷ
1388 629 1469 690 οἷν
1508 639 1670 691 ἕνεκα
1709 650 1990 708 παρεῖμεν,

316 718 656 789 άνεγνώρισέ
681 721 744 775 τέ
756 741 821 790 με
841 721 899 774 ἐκ
920 724 1014 788 τῆς
1034 720 1299 786 προτέρας
1319 719 1600 788 ἐπιδημίας
1621 723 1714 772 καί
1728 740 1792 788 με
1811 717 1987 789 ἠσπά-

317 806 459 871 ζετο,
498 802 588 856 καὶ
625 804 902 871 δεομένων
939 798 1097 870 ἡμῶν
1136 802 1377 854 διελθεῖν
1413 799 1542 864 τοὺς
1571 801 1771 869 λόγους
1796 800 1857 855 τό
1891 801 1991 871 μὲν

317 889 540 957 πρῶτον
569 881 759 938 ὤκνει·
799 880 940 936 πολὺ
965 880 1070 951 γὰρ
1091 885 1194 951 ἔφη
1216 887 1380 950 ἔργον
1401 881 1564 937 εἶναι·
1605 888 1785 938 ἔπειτα
1805 884 1987 953 μέντοι

318 968 566 1034 διηγεῖτο.
608 969 713 1063 ἔφη
743 964 801 1019 δε
843 962 908 1033 δὴ
941 963 969 1019 ὁ
1002 962 1275 1033 Ἀντιφῶν
1305 967 1485 1034 λέγειν
1510 962 1610 1019 τὸν
1638 965 1990 1034 Πυθόδωρον

252 1063 283 1102 Β
317 1046 402 1102 ότι
421 1044 713 1116 ἀφίκοιντό
742 1067 872 1101 ποτε
904 1052 978 1111 είς
997 1046 1369 1116 Παναθήναια
1399 1068 1464 1099 τα
1484 1046 1695 1116 μεγάλα
1716 1046 1914 1116 Ζήνων
1932 1067 1990 1100 τε

315 1131 406 1183 καὶ
442 1132 804 1199 Παρμενίδης.
846 1127 945 1184 τὸν
982 1150 1083 1198 μεν
1119 1131 1223 1182 οὐν
1253 1131 1609 1198 Παρμενίδην
1639 1131 1702 1182 εὐ
1740 1128 1884 1198 μάλα
1922 1127 1987 1197 δὴ

316 1210 632 1282 πρεσβύτην
652 1210 818 1281 εἶναι,
848 1212 1067 1282 σφόδρα
1087 1210 1310 1279 πολιόν,
1342 1208 1515 1265 καλὸν
1535 1211 1592 1265 δε
1612 1207 1868 1279 κάγαθόν
1887 1207 1982 1279 τὴν

316 1292 474 1362 ὄψιν,
515 1294 635 1361 περὶ
666 1297 754 1363 ἔτη
787 1294 1017 1364 μάλιστα
1048 1296 1207 1348 πέντε
1239 1295 1328 1347 καὶ
1348 1293 1633 1362 ἑξήκοντα·
1675 1292 1909 1362 Ζήνωνα
1931 1293 1987 1347 δὲ

317 1372 477 1443 ἐγγὺς
508 1377 645 1429 ἐτῶν
674 1376 1074 1444 τετταράκοντα
1103 1374 1225 1429 τότε
1257 1373 1421 1442 εἶναι,
1462 1373 1669 1445 εὐμήκη
1695 1376 1751 1430 δὲ
1782 1375 1871 1429 καὶ
1890 1396 1987 1444 xa-

316 1462 500 1526 ρίεντα
521 1460 683 1511 ἰδεῖν·
707 1459 795 1511 καὶ
816 1460 1072 1526 λέγεσθαι
1089 1454 1262 1510 αὐτὸν
1281 1457 1503 1511 παιδικά
1524 1463 1624 1511 τοῦ
1634 1459 1989 1527 Παρμενίδου

314 1540 613 1607 γεγονέναι.
638 1540 932 1593 καταλύειν
964 1538 1020 1594 δὲ
1040 1536 1242 1602 αὐτοὺς
1271 1542 1375 1608 ε”φη
1396 1536 1541 1605 παρὰ
1564 1545 1640 1610 τῷ
1657 1538 1986 1610 Πυθοδώρῳ

251 1630 281 1671 C
314 1619 466 1683 ἐκτὸς
489 1625 698 1690 τείχους
728 1622 787 1675 ἐν
815 1627 1164 1694 Κεραμεικῷ·
1205 1617 1260 1675 οἶ
1286 1620 1352 1690 δὴ
1377 1622 1466 1675 καὶ
1496 1618 1796 1689 ἀφικέσθαι
1814 1620 1914 1673 τόν
1933 1640 1987 1674 τε

312 1701 583 1770 Σωκράτη
614 1703 704 1756 καὶ
734 1701 935 1766 ἄλλους
970 1701 1122 1767 τινας
1151 1700 1265 1773 μετ’
1301 1700 1475 1756 αὐτοῦ
1503 1701 1759 1771 πολλούς,
1792 1705 1987 1756 ἐπιθυ-

314 1788 552 1852 μοῦντας
578 1780 811 1837 ἀκοῦσαι
831 1790 942 1837 τῶν
962 1789 1062 1837 τοῦ
1082 1786 1342 1854 Ζήνωνος
1361 1784 1697 1854 γραμμάτων
1712 1805 1723 1816 ·
1742 1783 1863 1839 τότε
1882 1782 1987 1854 γὰρ

314 1861 452 1918 αὐτοὶ
474 1871 696 1932 πρῶτον
714 1862 811 1918 ὑπ’
837 1867 1064 1920 ἐκείνων
1082 1873 1441 1935 κομισθῆναι·
1482 1867 1753 1937 Σωκράτη
1775 1866 1832 1922 δὲ
1852 1866 1987 1921 εἶναι

314 1945 434 2000 τότε
457 1946 676 2016 σφόδρα
695 1949 838 2001 νέον.
862 1946 1298 2017 ἀναγιγνώσκειν
1318 1942 1421 2003 οὖν
1441 1947 1625 2013 αὐτοῖς
1643 1946 1741 2003 τὸν
1752 1948 1984 2018 Ζήνωνα

316 2026 514 2098 αὐτόν,
553 2026 654 2083 τὸν
691 2029 749 2084 δὲ
784 2034 1143 2100 Παρμενίδην
1176 2042 1359 2100 τυχεῖν
1390 2034 1488 2096 ἔξω
1522 2029 1680 2085 ὅντα·
1718 2031 1808 2085 καὶ
1851 2029 1986 2084 εἶναι

315 2109 465 2164 πάνυ
495 2109 671 2180 βραχύ
704 2116 781 2165 ἔτι
810 2109 1006 2166 λοιπὸν
1035 2118 1148 2166 τῶν
1182 2113 1364 2182 λόγων
1401 2110 1985 2182 ἀναγιγνωσκομένων,

245 2203 281 2243 D
313 2188 477 2261 ἡνίκα
501 2189 662 2256 αὐτος
684 2214 741 2247 τε
761 2195 1102 2249 ἐπεισελθεῖν
1122 2198 1224 2264 ἔφη
1245 2192 1272 2250 ὁ
1303 2194 1651 2263 Πυθόδωρος
1671 2198 1879 2260 ἔξωθεν
1899 2195 1986 2248 καὶ

314 2270 412 2325 τὸν
431 2276 788 2344 Παρμενίδην
806 2273 916 2344 μετ’
937 2274 1109 2330 αὐτοῦ
1128 2277 1218 2331 καὶ
1234 2273 1570 2346 Ἀριστοτέλη
1587 2275 1686 2331 τὸν
1704 2283 1816 2331 τῶν
1833 2275 1983 2346 τριά-

313 2375 481 2408 κοντα
515 2354 847 2425 γενόμενον,
890 2359 979 2411 καὶ
1024 2355 1209 2427 σμίκρ’
1249 2356 1380 2411 ἅττα
1423 2361 1500 2411 ἔτι
1537 2359 1839 2411 ἐπακοῦσαι
1875 2363 1986 2410 τῶν

311 2436 649 2506 γραμμάτων
663 2457 673 2467 ·
695 2434 763 2491 οὐ
783 2435 894 2507 μὴν
913 2436 1076 2502 αὐτός
1095 2460 1172 2509 γε,
1195 2436 1332 2493 ἀλλὰ
1353 2439 1443 2492 καὶ
1462 2437 1735 2507 πρότερον
1755 2434 1987 2509 ἀκηκοέ-

311 2539 403 2572 ναι
420 2523 522 2571 τοῦ
539 2516 813 2586 Ζήνωνος.

450 2604 508 2652 ΙΙ.
591 2598 702 2653 Τὸν
721 2592 826 2653 οὖν
842 2597 1114 2671 Σωκράτη
1134 2600 1450 2656 ἀκούσαντα
1471 2601 1636 2656 πάλιν
1655 2623 1711 2657 τε
1730 2606 1985 2657 κελεῦσαι

311 2678 412 2751 τὴν
431 2678 659 2749 πρώτην
678 2675 952 2734 ὑπόθεσιν
970 2688 1072 2735 τοῦ
1096 2682 1321 2752 πρώτου
1339 2682 1511 2753 λόγου
1531 2680 1871 2751 ἀναγνῶναι,
1893 2683 1984 2737 καὶ

245 2773 279 2812 Ε
311 2761 788 2832 ἀναγνωσθείσης,
811 2767 966 2833 Πῶς,
989 2763 1187 2833 φάναι,
1211 2758 1255 2819 ὦ
1274 2764 1500 2835 Ζήνων,
1532 2769 1692 2817 τοῦτο
1713 2764 1910 2831 λέγεις;
1931 2767 1982 2818 εἰ

311 2843 487 2898 πολλά
518 2845 628 2898 ἐστι
655 2841 720 2898 τὰ
750 2840 912 2910 ὄντα,
953 2841 1024 2908 ὠς
1053 2844 1160 2913 ἄρα
1191 2850 1278 2901 δεῖ
1300 2844 1437 2900 αὐτὰ
1468 2842 1631 2913 ὅμοιά
1657 2864 1714 2898 τε
1735 2843 1872 2900 εἶναι
1893 2845 1982 2899 καὶ
