<?xml version="1.0" encoding="UTF-8"?>
<!DOCTYPE html PUBLIC "-//W3C//DTD XHTML 1.0 Transitional//EN"
    "http://www.w3.org/TR/xhtml1/DTD/xhtml1-transitional.dtd">
<html xmlns="http://www.w3.org/1999/xhtml" xml:lang="en" lang="en">
 <head>
  <title>
</title>
<meta http-equiv="Content-Type" content="text/html;charset=utf-8" />
  <meta name='ocr-system' content='tesseract 3.04.00' />
  <meta name='ocr-capabilities' content='ocr_page ocr_carea ocr_par ocr_line ocrx_word'/>
</head>
<body>
  <div class='ocr_page' id='page_1' title='image "./dialogisecumdumt02platuoft_0204.png"; bbox 0 0 2028 3198; ppageno 0'>
   <div class='ocr_carea' id='block_1_1' title="bbox 183 592 213 634">
    <p class='ocr_par' dir='ltr' id='par_1_1' title="bbox 183 592 213 634">
     <span class='ocr_line' id='line_1_1' title="bbox 183 592 213 634; baseline 0 0"><span class='ocrx_word' id='word_1_1' title='bbox 183 592 213 634; x_wconf 85' lang='lat' dir='ltr'><strong>C</strong></span> 
     </span>
    </p>
   </div>
   <div class='ocr_carea' id='block_1_2' title="bbox 248 116 1958 171">
    <p class='ocr_par' dir='ltr' id='par_1_2' title="bbox 248 116 1958 171">
     <span class='ocr_line' id='line_1_2' title="bbox 248 116 1958 171; baseline -0.006 -1"><span class='ocrx_word' id='word_1_2' title='bbox 248 119 349 171; x_wconf 83' lang='lat'><em>174</em></span> <span class='ocrx_word' id='word_1_3' title='bbox 856 116 1332 165; x_wconf 79' lang='grc' dir='ltr'><em>ΠΛΑΤΩΝΟΣ</em></span> <span class='ocrx_word' id='word_1_4' title='bbox 1874 124 1958 170; x_wconf 84' lang='grc'><em>36.</em></span> 
     </span>
    </p>
   </div>
   <div class='ocr_carea' id='block_1_3' title="bbox 244 243 1926 2612">
    <p class='ocr_par' dir='ltr' id='par_1_3' title="bbox 244 243 1926 1142">
     <span class='ocr_line' id='line_1_3' title="bbox 245 243 1926 323; baseline 0.001 -17"><span class='ocrx_word' id='word_1_5' title='bbox 245 256 470 323; x_wconf 84' lang='grc' dir='ltr'><em>μηδαμῇ</em></span> <span class='ocrx_word' id='word_1_6' title='bbox 497 253 836 321; x_wconf 85' lang='grc' dir='ltr'><em>κεκτημένον</em></span> <span class='ocrx_word' id='word_1_7' title='bbox 863 248 1066 313; x_wconf 87' lang='grc' dir='ltr'><em>κάλλος</em></span> <span class='ocrx_word' id='word_1_8' title='bbox 1095 243 1205 320; x_wconf 74' lang='grc' dir='ltr'><em>ἆρα</em></span> <span class='ocrx_word' id='word_1_9' title='bbox 1235 251 1410 320; x_wconf 85' lang='grc' dir='ltr'><em>λέγεις</em></span> <span class='ocrx_word' id='word_1_10' title='bbox 1439 247 1509 305; x_wconf 81' lang='grc' dir='ltr'>σύ</span> <span class='ocrx_word' id='word_1_11' title='bbox 1547 249 1721 307; x_wconf 84' lang='grc' dir='ltr'><em>καλὸν</em></span> <span class='ocrx_word' id='word_1_12' title='bbox 1757 248 1926 319; x_wconf 68' lang='grc' dir='ltr'><em>εἷναις</em></span> 
     </span>
     <span class='ocr_line' id='line_1_4' title="bbox 250 325 1923 405; baseline 0.001 -17"><span class='ocrx_word' id='word_1_13' title='bbox 250 332 336 389; x_wconf 86' lang='grc' dir='ltr'><em>Οὐ</em></span> <span class='ocrx_word' id='word_1_14' title='bbox 355 337 507 402; x_wconf 84' lang='grc' dir='ltr'><em>δῆτα.</em></span> <span class='ocrx_word' id='word_1_15' title='bbox 534 331 646 387; x_wconf 76' lang='lat' dir='ltr'><em>”Eu</em></span> <span class='ocrx_word' id='word_1_16' title='bbox 667 325 773 386; x_wconf 81' lang='grc' dir='ltr'><em>οὖν</em></span> <span class='ocrx_word' id='word_1_17' title='bbox 791 327 1293 402; x_wconf 73' lang='grc' dir='ltr'><em>ὁμολογεῑς’Ἑρωτα</em></span> <span class='ocrx_word' id='word_1_18' title='bbox 1313 331 1487 388; x_wconf 84' lang='grc' dir='ltr'><em>καλὸν</em></span> <span class='ocrx_word' id='word_1_19' title='bbox 1508 331 1665 405; x_wconf 82' lang='grc' dir='ltr'><em>εἶναι,</em></span> <span class='ocrx_word' id='word_1_20' title='bbox 1688 338 1738 390; x_wconf 82' lang='grc' dir='ltr'><em>εἰ</em></span> <span class='ocrx_word' id='word_1_21' title='bbox 1752 341 1923 390; x_wconf 87' lang='grc' dir='ltr'><em>ταῦτα</em></span> 
     </span>
     <span class='ocr_line' id='line_1_5' title="bbox 247 410 1924 487; baseline 0.002 -17"><span class='ocrx_word' id='word_1_22' title='bbox 247 413 422 479; x_wconf 80' lang='grc' dir='ltr'><em>οὕτως</em></span> <span class='ocrx_word' id='word_1_23' title='bbox 442 418 575 484; x_wconf 69' lang='grc' dir='ltr'><em>ἔχεις</em></span> <span class='ocrx_word' id='word_1_24' title='bbox 613 413 823 469; x_wconf 80' lang='grc' dir='ltr'><em>καὶτὸν</em></span> <span class='ocrx_word' id='word_1_25' title='bbox 837 411 1129 482; x_wconf 77' lang='grc' dir='ltr'><em>Ἀγάθωνα</em></span> <span class='ocrx_word' id='word_1_26' title='bbox 1147 418 1320 469; x_wconf 84' lang='grc' dir='ltr'><em>εἰπεῖν</em></span> <span class='ocrx_word' id='word_1_27' title='bbox 1336 417 1668 472; x_wconf 79' lang='grc' dir='ltr'><em>Κινδυνεύω</em></span> <span class='ocrx_word' id='word_1_28' title='bbox 1681 459 1696 487; x_wconf 90' lang='grc'><em>,</em></span> <span class='ocrx_word' id='word_1_29' title='bbox 1731 410 1775 472; x_wconf 73' lang='grc' dir='ltr'><em>ὦ</em></span> <span class='ocrx_word' id='word_1_30' title='bbox 1793 416 1924 473; x_wconf 76' lang='grc' dir='ltr'><em>Σώ-</em></span> 
     </span>
     <span class='ocr_line' id='line_1_6' title="bbox 244 487 1923 569; baseline 0.002 -17"><span class='ocrx_word' id='word_1_31' title='bbox 244 518 463 567; x_wconf 81' lang='grc' dir='ltr'><em>κρατες,</em></span> <span class='ocrx_word' id='word_1_32' title='bbox 501 494 669 551; x_wconf 71' lang='grc' dir='ltr'><em>οὐδὲν</em></span> <span class='ocrx_word' id='word_1_33' title='bbox 701 496 906 551; x_wconf 86' lang='grc' dir='ltr'><em>εἰδέναι</em></span> <span class='ocrx_word' id='word_1_34' title='bbox 937 487 1019 548; x_wconf 69' lang='grc' dir='ltr'><em>οἷν</em></span> <span class='ocrx_word' id='word_1_35' title='bbox 1037 495 1160 550; x_wconf 87' lang='grc' dir='ltr'><em>τότε</em></span> <span class='ocrx_word' id='word_1_36' title='bbox 1181 494 1350 551; x_wconf 84' lang='grc' dir='ltr'><em>εἷπον.</em></span> <span class='ocrx_word' id='word_1_37' title='bbox 1405 499 1515 553; x_wconf 86' lang='grc' dir='ltr'><em>Καὶ</em></span> <span class='ocrx_word' id='word_1_38' title='bbox 1534 496 1645 569; x_wconf 83' lang='grc' dir='ltr'><em>μὴν</em></span> <span class='ocrx_word' id='word_1_39' title='bbox 1662 506 1844 564; x_wconf 77' lang='grc' dir='ltr'><em>καλῶς</em></span> <span class='ocrx_word' id='word_1_40' title='bbox 1862 521 1923 569; x_wconf 90' lang='grc' dir='ltr'><em>γε</em></span> 
     </span>
     <span class='ocr_line' id='line_1_7' title="bbox 246 571 1923 651; baseline 0.001 -17"><span class='ocrx_word' id='word_1_41' title='bbox 246 577 405 649; x_wconf 81' lang='grc' dir='ltr'><em>εἶπες,</em></span> <span class='ocrx_word' id='word_1_42' title='bbox 427 578 620 649; x_wconf 87' lang='grc' dir='ltr'><em>φάναι,</em></span> <span class='ocrx_word' id='word_1_43' title='bbox 646 571 690 633; x_wconf 71' lang='grc' dir='ltr'><em>ὦ</em></span> <span class='ocrx_word' id='word_1_44' title='bbox 703 576 976 648; x_wconf 88' lang='grc' dir='ltr'><em>Ἀγάθων.</em></span> <span class='ocrx_word' id='word_1_45' title='bbox 1017 575 1155 632; x_wconf 72' lang='grc' dir='ltr'><em>ἀλλὰ</em></span> <span class='ocrx_word' id='word_1_46' title='bbox 1178 576 1414 649; x_wconf 78' lang='grc' dir='ltr'><em>σμικρὸν</em></span> <span class='ocrx_word' id='word_1_47' title='bbox 1432 582 1507 634; x_wconf 81' lang='grc' dir='ltr'><em>ἔτι</em></span> <span class='ocrx_word' id='word_1_48' title='bbox 1529 583 1668 635; x_wconf 84' lang='grc' dir='ltr'><em>εἰπέ·</em></span> <span class='ocrx_word' id='word_1_49' title='bbox 1705 580 1923 651; x_wconf 79' lang='grc' dir='ltr'><em>τάγαθά</em></span> 
     </span>
     <span class='ocr_line' id='line_1_8' title="bbox 246 658 1924 730; baseline 0.001 -14"><span class='ocrx_word' id='word_1_50' title='bbox 246 660 313 716; x_wconf 82' lang='grc' dir='ltr'><em>οὐ</em></span> <span class='ocrx_word' id='word_1_51' title='bbox 332 663 421 716; x_wconf 82' lang='grc' dir='ltr'><em>καὶ</em></span> <span class='ocrx_word' id='word_1_52' title='bbox 440 659 582 716; x_wconf 86' lang='grc' dir='ltr'><em>καλα</em></span> <span class='ocrx_word' id='word_1_53' title='bbox 607 665 760 716; x_wconf 87' lang='grc' dir='ltr'><em>δοκεῖ</em></span> <span class='ocrx_word' id='word_1_54' title='bbox 777 676 864 715; x_wconf 92' lang='grc' dir='ltr'><em>σοι</em></span> <span class='ocrx_word' id='word_1_55' title='bbox 886 658 1051 725; x_wconf 84' lang='grc' dir='ltr'><em>εἷναι;</em></span> <span class='ocrx_word' id='word_1_56' title='bbox 1070 658 1306 728; x_wconf 83' lang='grc' dir='ltr'><em>Ἔμοιγε.</em></span> <span class='ocrx_word' id='word_1_57' title='bbox 1370 660 1491 714; x_wconf 58' lang='lat' dir='ltr'><em>EN</em></span> <span class='ocrx_word' id='word_1_58' title='bbox 1457 682 1566 729; x_wconf 78' lang='grc' dir='ltr'><em>αρα</em></span> <span class='ocrx_word' id='word_1_59' title='bbox 1585 659 1613 715; x_wconf 92' lang='lat'>6</span> <span class='ocrx_word' id='word_1_60' title='bbox 1623 661 1794 730; x_wconf 77' lang='grc' dir='ltr'><em>Ἔρως</em></span> <span class='ocrx_word' id='word_1_61' title='bbox 1811 670 1924 718; x_wconf 76' lang='grc' dir='ltr'><em>τῶν</em></span> 
     </span>
     <span class='ocr_line' id='line_1_9' title="bbox 245 737 1925 814; baseline -0.001 -14"><span class='ocrx_word' id='word_1_62' title='bbox 245 751 431 800; x_wconf 76' lang='grc' dir='ltr'><em>καλῶν</em></span> <span class='ocrx_word' id='word_1_63' title='bbox 462 744 651 814; x_wconf 82' lang='grc' dir='ltr'><em>ἐνδεής</em></span> <span class='ocrx_word' id='word_1_64' title='bbox 671 746 810 814; x_wconf 90' lang='grc' dir='ltr'><em>ε’στι,</em></span> <span class='ocrx_word' id='word_1_65' title='bbox 850 742 915 796; x_wconf 73' lang='grc' dir='ltr'><em>τοὶ</em></span> <span class='ocrx_word' id='word_1_66' title='bbox 937 741 995 797; x_wconf 89' lang='grc' dir='ltr'><em>δε</em></span> <span class='ocrx_word' id='word_1_67' title='bbox 1015 739 1204 810; x_wconf 75' lang='grc' dir='ltr'><em>ἀγαθοὶ</em></span> <span class='ocrx_word' id='word_1_68' title='bbox 1223 740 1392 809; x_wconf 84' lang='grc' dir='ltr'><em>καλά,</em></span> <span class='ocrx_word' id='word_1_69' title='bbox 1432 737 1542 796; x_wconf 71' lang='grc' dir='ltr'><em>κᾶν</em></span> <span class='ocrx_word' id='word_1_70' title='bbox 1559 748 1672 797; x_wconf 80' lang='grc' dir='ltr'><em>τῶν</em></span> <span class='ocrx_word' id='word_1_71' title='bbox 1690 741 1925 813; x_wconf 79' lang='grc' dir='ltr'><em>ἀγαθῶν</em></span> 
     </span>
     <span class='ocr_line' id='line_1_10' title="bbox 245 822 1925 897; baseline 0 -15"><span class='ocrx_word' id='word_1_72' title='bbox 245 824 434 897; x_wconf 83' lang='grc' dir='ltr'><em>ἐνδεὴς</em></span> <span class='ocrx_word' id='word_1_73' title='bbox 455 833 553 896; x_wconf 75' lang='grc' dir='ltr'><em>εἴη.</em></span> <span class='ocrx_word' id='word_1_74' title='bbox 587 823 723 895; x_wconf 73' lang='grc' dir='ltr'><em>Ἐγώ</em></span> <span class='ocrx_word' id='word_1_75' title='bbox 737 867 753 895; x_wconf 90' lang='grc'><em>,</em></span> <span class='ocrx_word' id='word_1_76' title='bbox 777 824 977 894; x_wconf 88' lang='grc' dir='ltr'><em>φάναι,</em></span> <span class='ocrx_word' id='word_1_77' title='bbox 1001 826 1043 878; x_wconf 77' lang='grc' dir='ltr'><em>ὠ</em></span> <span class='ocrx_word' id='word_1_78' title='bbox 1062 822 1384 892; x_wconf 76' lang='grc' dir='ltr'><em>Σώκρατες,</em></span> <span class='ocrx_word' id='word_1_79' title='bbox 1408 826 1494 879; x_wconf 86' lang='grc' dir='ltr'><em>σοὶ</em></span> <span class='ocrx_word' id='word_1_80' title='bbox 1513 822 1617 880; x_wconf 84' lang='grc' dir='ltr'><em>οὐκ</em></span> <span class='ocrx_word' id='word_1_81' title='bbox 1638 822 1709 880; x_wconf 71' lang='grc' dir='ltr'><em>ἄν</em></span> <span class='ocrx_word' id='word_1_82' title='bbox 1731 830 1925 883; x_wconf 89' lang='grc' dir='ltr'><em>δυναί-</em></span> 
     </span>
     <span class='ocr_line' id='line_1_11' title="bbox 245 901 1925 1008; baseline 0 -46"><span class='ocrx_word' id='word_1_83' title='bbox 245 931 354 1008; x_wconf 85' lang='grc' dir='ltr'><em>μην</em></span> <span class='ocrx_word' id='word_1_84' title='bbox 384 906 718 976; x_wconf 77' lang='grc' dir='ltr'><em>ἀντιλέγειν,</em></span> <span class='ocrx_word' id='word_1_85' title='bbox 759 904 881 961; x_wconf 83' lang='grc' dir='ltr'><em>ἀλλ’</em></span> <span class='ocrx_word' id='word_1_86' title='bbox 916 904 1092 970; x_wconf 77' lang='grc' dir='ltr'><em>οὕτως</em></span> <span class='ocrx_word' id='word_1_87' title='bbox 1110 906 1269 974; x_wconf 80' lang='grc' dir='ltr'><em>ἐχέτω</em></span> <span class='ocrx_word' id='word_1_88' title='bbox 1292 901 1363 968; x_wconf 80' lang='grc' dir='ltr'><em>ὡς</em></span> <span class='ocrx_word' id='word_1_89' title='bbox 1382 903 1453 959; x_wconf 80' lang='grc' dir='ltr'><em>σὺ</em></span> <span class='ocrx_word' id='word_1_90' title='bbox 1475 907 1661 975; x_wconf 84' lang='grc' dir='ltr'><em>λέγεις.</em></span> <span class='ocrx_word' id='word_1_91' title='bbox 1718 908 1803 963; x_wconf 82' lang='grc' dir='ltr'><em>Οὐ</em></span> <span class='ocrx_word' id='word_1_92' title='bbox 1824 911 1925 979; x_wconf 79' lang='grc' dir='ltr'><em>μὲν</em></span> 
     </span>
     <span class='ocr_line' id='line_1_12' title="bbox 246 984 1925 1061; baseline 0 -16"><span class='ocrx_word' id='word_1_93' title='bbox 246 993 350 1045; x_wconf 85' lang='grc' dir='ltr'><em>οὐν</em></span> <span class='ocrx_word' id='word_1_94' title='bbox 370 995 435 1061; x_wconf 76' lang='grc' dir='ltr'><em>τῇ</em></span> <span class='ocrx_word' id='word_1_95' title='bbox 459 987 722 1060; x_wconf 82' lang='grc' dir='ltr'><em>ἀληθεία,</em></span> <span class='ocrx_word' id='word_1_96' title='bbox 755 987 956 1058; x_wconf 90' lang='grc' dir='ltr'><em>φάναι,</em></span> <span class='ocrx_word' id='word_1_97' title='bbox 989 1010 1030 1042; x_wconf 89' lang='grc' dir='ltr'><em>ω</em></span> <span class='ocrx_word' id='word_1_98' title='bbox 1057 987 1357 1057; x_wconf 84' lang='grc' dir='ltr'><em>φιλούμενε</em></span> <span class='ocrx_word' id='word_1_99' title='bbox 1370 984 1656 1059; x_wconf 89' lang='grc' dir='ltr'><em>Ἀγάθων,</em></span> <span class='ocrx_word' id='word_1_100' title='bbox 1688 989 1925 1046; x_wconf 82' lang='grc' dir='ltr'><em>δύνασαι</em></span> 
     </span>
     <span class='ocr_line' id='line_1_13' title="bbox 246 1067 1564 1142; baseline -0.003 -14"><span class='ocrx_word' id='word_1_101' title='bbox 246 1072 579 1142; x_wconf 76' lang='grc' dir='ltr'><em>ἀντιλέγειν,</em></span> <span class='ocrx_word' id='word_1_102' title='bbox 601 1073 715 1126; x_wconf 84' lang='grc' dir='ltr'><em>ἐπεὶ</em></span> <span class='ocrx_word' id='word_1_103' title='bbox 733 1068 1022 1139; x_wconf 79' lang='grc' dir='ltr'><em>Σωκράτει</em></span> <span class='ocrx_word' id='word_1_104' title='bbox 1041 1091 1102 1138; x_wconf 90' lang='grc' dir='ltr'><em>γε</em></span> <span class='ocrx_word' id='word_1_105' title='bbox 1123 1067 1291 1124; x_wconf 79' lang='grc' dir='ltr'><em>οὐδὲν</em></span> <span class='ocrx_word' id='word_1_106' title='bbox 1309 1070 1564 1139; x_wconf 85' lang='grc' dir='ltr'><em>χαλεπόν.</em></span> 
     </span>
    </p>

    <p class='ocr_par' dir='ltr' id='par_1_4' title="bbox 245 1149 1926 2612">
     <span class='ocr_line' id='line_1_14' title="bbox 384 1149 1926 1221; baseline -0.001 -13"><span class='ocrx_word' id='word_1_107' title='bbox 384 1159 540 1208; x_wconf 87' lang='grc' dir='ltr'>ΧΧΠ.</span> <span class='ocrx_word' id='word_1_108' title='bbox 613 1153 724 1207; x_wconf 87' lang='grc' dir='ltr'><em>Καὶ</em></span> <span class='ocrx_word' id='word_1_109' title='bbox 760 1151 819 1206; x_wconf 74' lang='grc' dir='ltr'><em>σὲ</em></span> <span class='ocrx_word' id='word_1_110' title='bbox 850 1154 951 1221; x_wconf 89' lang='grc' dir='ltr'><em>μέν</em></span> <span class='ocrx_word' id='word_1_111' title='bbox 979 1173 1042 1221; x_wconf 88' lang='grc' dir='ltr'><em>γε</em></span> <span class='ocrx_word' id='word_1_112' title='bbox 1068 1150 1172 1221; x_wconf 83' lang='grc' dir='ltr'><em>ἤδη</em></span> <span class='ocrx_word' id='word_1_113' title='bbox 1204 1151 1374 1204; x_wconf 85' lang='grc' dir='ltr'><em>ἐάσω·</em></span> <span class='ocrx_word' id='word_1_114' title='bbox 1410 1149 1510 1205; x_wconf 85' lang='grc' dir='ltr'><em>τὸν</em></span> <span class='ocrx_word' id='word_1_115' title='bbox 1543 1150 1601 1205; x_wconf 79' lang='grc' dir='ltr'><em>δὲ</em></span> <span class='ocrx_word' id='word_1_116' title='bbox 1630 1151 1800 1221; x_wconf 87' lang='grc' dir='ltr'><em>λόγον</em></span> <span class='ocrx_word' id='word_1_117' title='bbox 1828 1151 1926 1206; x_wconf 84' lang='grc' dir='ltr'><em>τὸν</em></span> 
     </span>
     <span class='ocr_line' id='line_1_15' title="bbox 246 1230 1926 1305; baseline -0.003 -13"><span class='ocrx_word' id='word_1_118' title='bbox 246 1238 370 1305; x_wconf 78' lang='grc' dir='ltr'><em>περὶ</em></span> <span class='ocrx_word' id='word_1_119' title='bbox 399 1242 500 1290; x_wconf 84' lang='grc' dir='ltr'><em>τοῦ</em></span> <span class='ocrx_word' id='word_1_120' title='bbox 517 1234 781 1304; x_wconf 80' lang='grc' dir='ltr'><em>Ἔρωτος,</em></span> <span class='ocrx_word' id='word_1_121' title='bbox 822 1232 890 1287; x_wconf 82' lang='grc' dir='ltr'><em>ὅν</em></span> <span class='ocrx_word' id='word_1_122' title='bbox 918 1231 1041 1287; x_wconf 85' lang='grc' dir='ltr'><em>ποτ’</em></span> <span class='ocrx_word' id='word_1_123' title='bbox 1062 1231 1277 1303; x_wconf 82' lang='grc' dir='ltr'><em>ἤκουσα</em></span> <span class='ocrx_word' id='word_1_124' title='bbox 1296 1230 1560 1301; x_wconf 84' lang='grc' dir='ltr'><em>γυναικὸς</em></span> <span class='ocrx_word' id='word_1_125' title='bbox 1578 1238 1926 1302; x_wconf 79' lang='grc' dir='ltr'><em>Μαντινικῆς</em></span> 
     </span>
     <span class='ocr_line' id='line_1_16' title="bbox 246 1309 1920 1388; baseline -0.004 -14"><span class='ocrx_word' id='word_1_126' title='bbox 246 1323 538 1388; x_wconf 87' lang='grc' dir='ltr'><em>Διοτίμας,</em></span> <span class='ocrx_word' id='word_1_127' title='bbox 569 1313 604 1386; x_wconf 80' lang='grc' dir='ltr'><strong><em>ἢ</em></strong></span> <span class='ocrx_word' id='word_1_128' title='bbox 629 1313 800 1370; x_wconf 83' lang='grc' dir='ltr'><em>ταῦτά</em></span> <span class='ocrx_word' id='word_1_129' title='bbox 823 1336 880 1369; x_wconf 88' lang='grc' dir='ltr'><em>τε</em></span> <span class='ocrx_word' id='word_1_130' title='bbox 902 1312 1047 1384; x_wconf 84' lang='grc' dir='ltr'><em>σοφὴ</em></span> <span class='ocrx_word' id='word_1_131' title='bbox 1068 1309 1139 1385; x_wconf 82' lang='grc' dir='ltr'><em>ἦν</em></span> <span class='ocrx_word' id='word_1_132' title='bbox 1159 1316 1249 1369; x_wconf 83' lang='grc' dir='ltr'><em>καὶ</em></span> <span class='ocrx_word' id='word_1_133' title='bbox 1269 1313 1408 1369; x_wconf 74' lang='grc' dir='ltr'><em>ἄλλα</em></span> <span class='ocrx_word' id='word_1_134' title='bbox 1431 1313 1635 1383; x_wconf 80' lang='grc' dir='ltr'><em>πολλά,</em></span> <span class='ocrx_word' id='word_1_135' title='bbox 1655 1315 1746 1369; x_wconf 80' lang='grc' dir='ltr'><em>καὶ</em></span> <span class='ocrx_word' id='word_1_136' title='bbox 1762 1313 1920 1385; x_wconf 82' lang='grc' dir='ltr'><em>Ἀθη-</em></span> 
     </span>
     <span class='ocr_line' id='line_1_17' title="bbox 246 1394 1925 1468; baseline -0.004 -11"><span class='ocrx_word' id='word_1_137' title='bbox 246 1407 420 1464; x_wconf 87' lang='grc' dir='ltr'><em>ναίοις</em></span> <span class='ocrx_word' id='word_1_138' title='bbox 450 1401 579 1454; x_wconf 81' lang='grc' dir='ltr'><em>ποτὲ</em></span> <span class='ocrx_word' id='word_1_139' title='bbox 607 1401 948 1466; x_wconf 88' lang='grc' dir='ltr'><em>θνσαμένοις</em></span> <span class='ocrx_word' id='word_1_140' title='bbox 978 1394 1086 1464; x_wconf 78' lang='grc' dir='ltr'><em>πρὸ</em></span> <span class='ocrx_word' id='word_1_141' title='bbox 1117 1404 1219 1452; x_wconf 81' lang='grc' dir='ltr'><em>τοῦ</em></span> <span class='ocrx_word' id='word_1_142' title='bbox 1239 1403 1436 1467; x_wconf 83' lang='grc' dir='ltr'><em>λοιμοῦ</em></span> <span class='ocrx_word' id='word_1_143' title='bbox 1455 1400 1585 1452; x_wconf 83' lang='grc' dir='ltr'><em>δέκα</em></span> <span class='ocrx_word' id='word_1_144' title='bbox 1605 1402 1695 1468; x_wconf 81' lang='grc' dir='ltr'><em>ἔτη</em></span> <span class='ocrx_word' id='word_1_145' title='bbox 1716 1396 1925 1468; x_wconf 81' lang='grc' dir='ltr'><em>ἀναβο-</em></span> 
     </span>
     <span class='ocr_line' id='line_1_18' title="bbox 247 1476 1924 1554; baseline -0.004 -14"><span class='ocrx_word' id='word_1_146' title='bbox 247 1482 349 1554; x_wconf 78' lang='grc' dir='ltr'><em>λὴν</em></span> <span class='ocrx_word' id='word_1_147' title='bbox 365 1485 583 1552; x_wconf 85' lang='grc' dir='ltr'><em>ἐποίησε</em></span> <span class='ocrx_word' id='word_1_148' title='bbox 598 1487 692 1550; x_wconf 81' lang='grc' dir='ltr'><em>τῆς</em></span> <span class='ocrx_word' id='word_1_149' title='bbox 707 1478 898 1547; x_wconf 85' lang='grc' dir='ltr'><em>νόσου,</em></span> <span class='ocrx_word' id='word_1_150' title='bbox 910 1477 946 1549; x_wconf 78' lang='grc' dir='ltr'><em>ἢ</em></span> <span class='ocrx_word' id='word_1_151' title='bbox 963 1478 1028 1550; x_wconf 79' lang='grc' dir='ltr'><em>δὴ</em></span> <span class='ocrx_word' id='word_1_152' title='bbox 1046 1481 1137 1535; x_wconf 85' lang='grc' dir='ltr'><em>καὶ</em></span> <span class='ocrx_word' id='word_1_153' title='bbox 1151 1479 1241 1550; x_wconf 76' lang='grc' dir='ltr'><em>ἐμὲ</em></span> <span class='ocrx_word' id='word_1_154' title='bbox 1256 1476 1320 1533; x_wconf 74' lang='grc' dir='ltr'><em>τοὶ</em></span> <span class='ocrx_word' id='word_1_155' title='bbox 1337 1478 1567 1549; x_wconf 74' lang='grc' dir='ltr'><em>ἐρωτικὰ</em></span> <span class='ocrx_word' id='word_1_156' title='bbox 1583 1481 1842 1548; x_wconf 83' lang='grc' dir='ltr'><em>ἐδίδαξεν,</em></span> <span class='ocrx_word' id='word_1_157' title='bbox 1855 1514 1924 1522; x_wconf 77' lang='lat'><em>-—</em></span> 
     </span>
     <span class='ocr_line' id='line_1_19' title="bbox 248 1558 1923 1633; baseline -0.002 -13"><span class='ocrx_word' id='word_1_158' title='bbox 248 1563 315 1620; x_wconf 81' lang='grc' dir='ltr'><em>ὂν</em></span> <span class='ocrx_word' id='word_1_159' title='bbox 344 1558 448 1620; x_wconf 77' lang='grc' dir='ltr'><em>οὖν</em></span> <span class='ocrx_word' id='word_1_160' title='bbox 479 1565 657 1633; x_wconf 86' lang='grc' dir='ltr'><em>ἐκείνη</em></span> <span class='ocrx_word' id='word_1_161' title='bbox 690 1565 837 1631; x_wconf 81' lang='grc' dir='ltr'><em>ἔλεγε</em></span> <span class='ocrx_word' id='word_1_162' title='bbox 867 1562 1067 1631; x_wconf 87' lang='grc' dir='ltr'><em>λόγον,</em></span> <span class='ocrx_word' id='word_1_163' title='bbox 1104 1561 1434 1631; x_wconf 80' lang='grc' dir='ltr'><em>πειράσομαι</em></span> <span class='ocrx_word' id='word_1_164' title='bbox 1453 1558 1585 1630; x_wconf 86' lang='grc' dir='ltr'><em>ὑμῖν</em></span> <span class='ocrx_word' id='word_1_165' title='bbox 1604 1564 1846 1616; x_wconf 79' lang='grc' dir='ltr'><em>διελθεῖν</em></span> <span class='ocrx_word' id='word_1_166' title='bbox 1866 1565 1923 1616; x_wconf 85' lang='grc' dir='ltr'><em>ἐκ</em></span> 
     </span>
     <span class='ocr_line' id='line_1_20' title="bbox 247 1639 1924 1716; baseline -0.004 -14"><span class='ocrx_word' id='word_1_167' title='bbox 247 1654 359 1702; x_wconf 75' lang='grc' dir='ltr'><em>τῶν</em></span> <span class='ocrx_word' id='word_1_168' title='bbox 391 1646 831 1716; x_wconf 77' lang='grc' dir='ltr'><em>ὡμολογημένων</em></span> <span class='ocrx_word' id='word_1_169' title='bbox 859 1645 977 1714; x_wconf 86' lang='grc' dir='ltr'><em>ἐμοὶ</em></span> <span class='ocrx_word' id='word_1_170' title='bbox 997 1644 1089 1699; x_wconf 86' lang='grc' dir='ltr'><em>καὶ</em></span> <span class='ocrx_word' id='word_1_171' title='bbox 1108 1641 1412 1713; x_wconf 80' lang='grc' dir='ltr'><em>Ἀγάθωνι,</em></span> <span class='ocrx_word' id='word_1_172' title='bbox 1450 1640 1615 1706; x_wconf 80' lang='grc' dir='ltr'><em>αὐτὸς</em></span> <span class='ocrx_word' id='word_1_173' title='bbox 1634 1639 1732 1696; x_wconf 77' lang='grc' dir='ltr'><em>ἀπ’</em></span> <span class='ocrx_word' id='word_1_174' title='bbox 1754 1645 1924 1713; x_wconf 83' lang='grc' dir='ltr'><em>ἐμαυ-</em></span> 
     </span>
     <span class='ocr_line' id='line_1_21' title="bbox 248 1718 1924 1798; baseline -0.002 -16"><span class='ocrx_word' id='word_1_175' title='bbox 248 1734 375 1798; x_wconf 87' lang='grc' dir='ltr'><em>τοῦ,</em></span> <span class='ocrx_word' id='word_1_176' title='bbox 414 1725 563 1791; x_wconf 76' lang='grc' dir='ltr'><em>ὅπως</em></span> <span class='ocrx_word' id='word_1_177' title='bbox 594 1722 666 1780; x_wconf 72' lang='grc' dir='ltr'><em>ἂν</em></span> <span class='ocrx_word' id='word_1_178' title='bbox 695 1724 961 1795; x_wconf 82' lang='grc' dir='ltr'><em>δύνωμαι.</em></span> <span class='ocrx_word' id='word_1_179' title='bbox 1017 1729 1104 1780; x_wconf 90' lang='grc' dir='ltr'><em>δεῖ</em></span> <span class='ocrx_word' id='word_1_180' title='bbox 1130 1726 1225 1795; x_wconf 86' lang='grc' dir='ltr'><em>δή,</em></span> <span class='ocrx_word' id='word_1_181' title='bbox 1267 1718 1311 1781; x_wconf 68' lang='grc' dir='ltr'><em>οἷ</em></span> <span class='ocrx_word' id='word_1_182' title='bbox 1327 1723 1606 1794; x_wconf 82' lang='grc' dir='ltr'><em>Ἀγάθων,</em></span> <span class='ocrx_word' id='word_1_183' title='bbox 1649 1722 1832 1794; x_wconf 70' lang='grc' dir='ltr'><em>ὥσπερ</em></span> <span class='ocrx_word' id='word_1_184' title='bbox 1853 1723 1924 1779; x_wconf 84' lang='grc' dir='ltr'><em>σὺ</em></span> 
     </span>
     <span class='ocr_line' id='line_1_22' title="bbox 248 1804 1923 1880; baseline -0.004 -15"><span class='ocrx_word' id='word_1_185' title='bbox 248 1809 519 1880; x_wconf 80' lang='grc' dir='ltr'><em>διηγήσω,</em></span> <span class='ocrx_word' id='word_1_186' title='bbox 558 1811 802 1862; x_wconf 79' lang='grc' dir='ltr'><em>διελθεῖν</em></span> <span class='ocrx_word' id='word_1_187' title='bbox 822 1806 996 1862; x_wconf 82' lang='grc' dir='ltr'><em>αὐτὸν</em></span> <span class='ocrx_word' id='word_1_188' title='bbox 1016 1814 1264 1878; x_wconf 77' lang='grc' dir='ltr'><em>πρῶτον,</em></span> <span class='ocrx_word' id='word_1_189' title='bbox 1302 1813 1380 1872; x_wconf 87' lang='grc' dir='ltr'><em>τίς</em></span> <span class='ocrx_word' id='word_1_190' title='bbox 1408 1810 1557 1863; x_wconf 83' lang='grc' dir='ltr'><em>ἐστιν</em></span> <span class='ocrx_word' id='word_1_191' title='bbox 1587 1804 1805 1874; x_wconf 73' lang='grc' dir='ltr'><em>δ”Ερως</em></span> <span class='ocrx_word' id='word_1_192' title='bbox 1833 1805 1923 1861; x_wconf 86' lang='grc' dir='ltr'><em>καὶ</em></span> 
     </span>
     <span class='ocr_line' id='line_1_23' title="bbox 246 1884 1921 1960; baseline -0.004 -13"><span class='ocrx_word' id='word_1_193' title='bbox 246 1890 402 1955; x_wconf 88' lang='grc' dir='ltr'><em>ποῖός</em></span> <span class='ocrx_word' id='word_1_194' title='bbox 420 1911 526 1956; x_wconf 85' lang='grc' dir='ltr'><em>τις,</em></span> <span class='ocrx_word' id='word_1_195' title='bbox 547 1892 730 1943; x_wconf 80' lang='grc' dir='ltr'><em>ἔπειτα</em></span> <span class='ocrx_word' id='word_1_196' title='bbox 750 1886 814 1942; x_wconf 76' lang='grc' dir='ltr'><em>τὰ</em></span> <span class='ocrx_word' id='word_1_197' title='bbox 835 1892 966 1957; x_wconf 79' lang='grc' dir='ltr'><em>ἔργα</em></span> <span class='ocrx_word' id='word_1_198' title='bbox 984 1888 1172 1943; x_wconf 82' lang='grc' dir='ltr'><em>αὐτοῦ.</em></span> <span class='ocrx_word' id='word_1_199' title='bbox 1213 1893 1367 1945; x_wconf 87' lang='grc' dir='ltr'><em>δοκεῖ</em></span> <span class='ocrx_word' id='word_1_200' title='bbox 1382 1884 1488 1945; x_wconf 77' lang='grc' dir='ltr'><em>οὖν</em></span> <span class='ocrx_word' id='word_1_201' title='bbox 1506 1911 1599 1958; x_wconf 90' lang='grc' dir='ltr'><em>μοι</em></span> <span class='ocrx_word' id='word_1_202' title='bbox 1617 1890 1822 1960; x_wconf 76' lang='grc' dir='ltr'><em>ῥᾷστον</em></span> <span class='ocrx_word' id='word_1_203' title='bbox 1845 1886 1921 1942; x_wconf 86' lang='grc' dir='ltr'><em>εἶ-</em></span> 
     </span>
     <span class='ocr_line' id='line_1_24' title="bbox 245 1967 1917 2040; baseline -0.005 -12"><span class='ocrx_word' id='word_1_204' title='bbox 245 1996 336 2028; x_wconf 90' lang='grc' dir='ltr'><em>ναι</em></span> <span class='ocrx_word' id='word_1_205' title='bbox 367 1971 515 2028; x_wconf 80' lang='grc' dir='ltr'><em>οὕτω</em></span> <span class='ocrx_word' id='word_1_206' title='bbox 535 1975 805 2040; x_wconf 86' lang='grc' dir='ltr'><em>διελθεῖν,</em></span> <span class='ocrx_word' id='word_1_207' title='bbox 846 1968 919 2034; x_wconf 74' lang='grc' dir='ltr'><em>ὥς</em></span> <span class='ocrx_word' id='word_1_208' title='bbox 938 1972 1071 2025; x_wconf 86' lang='grc' dir='ltr'><em>ποτέ</em></span> <span class='ocrx_word' id='word_1_209' title='bbox 1086 1991 1152 2040; x_wconf 89' lang='grc' dir='ltr'><em>με</em></span> <span class='ocrx_word' id='word_1_210' title='bbox 1171 1968 1204 2040; x_wconf 85' lang='grc' dir='ltr'><strong><em>ἡ</em></strong></span> <span class='ocrx_word' id='word_1_211' title='bbox 1226 1973 1348 2040; x_wconf 81' lang='grc' dir='ltr'><em>ξένη</em></span> <span class='ocrx_word' id='word_1_212' title='bbox 1370 1968 1744 2037; x_wconf 75' lang='grc' dir='ltr'><em>ἀνακρίνουσα</em></span> <span class='ocrx_word' id='word_1_213' title='bbox 1766 1967 1917 2039; x_wconf 83' lang='grc' dir='ltr'><em>διῄει.</em></span> 
     </span>
     <span class='ocr_line' id='line_1_25' title="bbox 246 2048 1916 2125; baseline -0.004 -15"><span class='ocrx_word' id='word_1_214' title='bbox 246 2051 441 2125; x_wconf 83' lang='grc' dir='ltr'><em>σχεδὸν</em></span> <span class='ocrx_word' id='word_1_215' title='bbox 471 2051 576 2122; x_wconf 77' lang='grc' dir='ltr'><em>γάρ</em></span> <span class='ocrx_word' id='word_1_216' title='bbox 606 2073 657 2106; x_wconf 86' lang='grc' dir='ltr'><em>τι</em></span> <span class='ocrx_word' id='word_1_217' title='bbox 685 2052 777 2106; x_wconf 87' lang='grc' dir='ltr'><em>καὶ</em></span> <span class='ocrx_word' id='word_1_218' title='bbox 804 2050 908 2120; x_wconf 87' lang='grc' dir='ltr'><em>ε’γω</em></span> <span class='ocrx_word' id='word_1_219' title='bbox 938 2050 1075 2119; x_wconf 79' lang='grc' dir='ltr'><em>πρὸς</em></span> <span class='ocrx_word' id='word_1_220' title='bbox 1095 2048 1269 2121; x_wconf 81' lang='grc' dir='ltr'><em>αὐτὴν</em></span> <span class='ocrx_word' id='word_1_221' title='bbox 1289 2052 1445 2119; x_wconf 78' lang='grc' dir='ltr'><em>ἕτερα</em></span> <span class='ocrx_word' id='word_1_222' title='bbox 1463 2055 1688 2104; x_wconf 82' lang='grc' dir='ltr'><em>τοιαῦτα</em></span> <span class='ocrx_word' id='word_1_223' title='bbox 1710 2054 1916 2118; x_wconf 81' lang='grc' dir='ltr'><em>ἔλεγον,</em></span> 
     </span>
     <span class='ocr_line' id='line_1_26' title="bbox 246 2129 1918 2205; baseline -0.004 -14"><span class='ocrx_word' id='word_1_224' title='bbox 246 2131 438 2205; x_wconf 76' lang='grc' dir='ltr'><em>οἷάπερ</em></span> <span class='ocrx_word' id='word_1_225' title='bbox 457 2141 566 2189; x_wconf 87' lang='grc' dir='ltr'><em>νῦν</em></span> <span class='ocrx_word' id='word_1_226' title='bbox 585 2131 723 2201; x_wconf 79' lang='grc' dir='ltr'><em>πρὸς</em></span> <span class='ocrx_word' id='word_1_227' title='bbox 741 2134 835 2203; x_wconf 83' lang='grc' dir='ltr'><em>ἐμε</em></span> <span class='ocrx_word' id='word_1_228' title='bbox 847 2130 1129 2203; x_wconf 83' lang='grc' dir='ltr'><em>Ἀγάθων,</em></span> <span class='ocrx_word' id='word_1_229' title='bbox 1162 2154 1235 2197; x_wconf 89' lang='grc' dir='ltr'><em>ως</em></span> <span class='ocrx_word' id='word_1_230' title='bbox 1254 2139 1334 2202; x_wconf 73' lang='grc' dir='ltr'><em>εἴη</em></span> <span class='ocrx_word' id='word_1_231' title='bbox 1355 2129 1383 2187; x_wconf 87' lang='lat'>6</span> <span class='ocrx_word' id='word_1_232' title='bbox 1389 2131 1565 2199; x_wconf 75' lang='grc' dir='ltr'><em>’Ἑρως</em></span> <span class='ocrx_word' id='word_1_233' title='bbox 1583 2132 1748 2201; x_wconf 86' lang='grc' dir='ltr'><em>μέγας</em></span> <span class='ocrx_word' id='word_1_234' title='bbox 1766 2129 1918 2199; x_wconf 85' lang='grc' dir='ltr'><em>θεός,</em></span> 
     </span>
     <span class='ocr_line' id='line_1_27' title="bbox 247 2206 1917 2313; baseline -0.004 -41"><span class='ocrx_word' id='word_1_235' title='bbox 247 2225 329 2287; x_wconf 82' lang='grc' dir='ltr'><em>εἴη</em></span> <span class='ocrx_word' id='word_1_236' title='bbox 351 2217 410 2272; x_wconf 80' lang='grc' dir='ltr'><em>δὲ</em></span> <span class='ocrx_word' id='word_1_237' title='bbox 429 2238 541 2271; x_wconf 91' lang='grc' dir='ltr'><em>των</em></span> <span class='ocrx_word' id='word_1_238' title='bbox 561 2221 774 2271; x_wconf 90' lang='grc' dir='ltr'><em>καλων·</em></span> <span class='ocrx_word' id='word_1_239' title='bbox 783 2213 985 2313; x_wconf 51' lang='grc' dir='ltr'><em>,ἤλεγχε</em></span> <span class='ocrx_word' id='word_1_240' title='bbox 1003 2214 1071 2285; x_wconf 87' lang='grc' dir='ltr'><em>δή</em></span> <span class='ocrx_word' id='word_1_241' title='bbox 1091 2235 1157 2285; x_wconf 89' lang='grc' dir='ltr'><em>με</em></span> <span class='ocrx_word' id='word_1_242' title='bbox 1172 2212 1386 2277; x_wconf 83' lang='grc' dir='ltr'><em>τούτοις</em></span> <span class='ocrx_word' id='word_1_243' title='bbox 1401 2223 1511 2277; x_wconf 90' lang='grc' dir='ltr'><em>τοῖς</em></span> <span class='ocrx_word' id='word_1_244' title='bbox 1527 2211 1712 2282; x_wconf 86' lang='grc' dir='ltr'><em>λόγοις</em></span> <span class='ocrx_word' id='word_1_245' title='bbox 1730 2206 1917 2282; x_wconf 79' lang='grc' dir='ltr'><em>οἷσπερ</em></span> 
     </span>
     <span class='ocr_line' id='line_1_28' title="bbox 246 2291 1917 2367; baseline -0.004 -15"><span class='ocrx_word' id='word_1_246' title='bbox 246 2297 351 2366; x_wconf 86' lang='grc' dir='ltr'><em>ἐγω</em></span> <span class='ocrx_word' id='word_1_247' title='bbox 380 2303 610 2367; x_wconf 85' lang='grc' dir='ltr'><em>τοῦτον,</em></span> <span class='ocrx_word' id='word_1_248' title='bbox 650 2294 721 2360; x_wconf 80' lang='grc' dir='ltr'><em>ὡς</em></span> <span class='ocrx_word' id='word_1_249' title='bbox 740 2294 867 2350; x_wconf 80' lang='grc' dir='ltr'><em>οὔτε</em></span> <span class='ocrx_word' id='word_1_250' title='bbox 884 2295 1050 2359; x_wconf 86' lang='grc' dir='ltr'><em>καλὸς</em></span> <span class='ocrx_word' id='word_1_251' title='bbox 1067 2302 1148 2365; x_wconf 87' lang='grc' dir='ltr'><em>εἰη</em></span> <span class='ocrx_word' id='word_1_252' title='bbox 1168 2292 1305 2350; x_wconf 77' lang='grc' dir='ltr'><em>κατὰ</em></span> <span class='ocrx_word' id='word_1_253' title='bbox 1330 2295 1429 2349; x_wconf 88' lang='grc' dir='ltr'><em>τόν</em></span> <span class='ocrx_word' id='word_1_254' title='bbox 1447 2291 1579 2364; x_wconf 82' lang='grc' dir='ltr'><em>ε’μόν</em></span> <span class='ocrx_word' id='word_1_255' title='bbox 1599 2293 1770 2363; x_wconf 86' lang='grc' dir='ltr'><em>λόγον</em></span> <span class='ocrx_word' id='word_1_256' title='bbox 1789 2291 1917 2348; x_wconf 81' lang='grc' dir='ltr'><em>οὔτε</em></span> 
     </span>
     <span class='ocr_line' id='line_1_29' title="bbox 247 2372 1916 2482; baseline -0.003 -49"><span class='ocrx_word' id='word_1_257' title='bbox 247 2377 475 2448; x_wconf 81' lang='grc' dir='ltr'><em>ἀγαθός.</em></span> <span class='ocrx_word' id='word_1_258' title='bbox 532 2379 623 2433; x_wconf 84' lang='grc' dir='ltr'><em>καὶ</em></span> <span class='ocrx_word' id='word_1_259' title='bbox 641 2379 774 2448; x_wconf 77' lang='grc' dir='ltr'><em>ἐγώ,</em></span> <span class='ocrx_word' id='word_1_260' title='bbox 793 2383 922 2442; x_wconf 91' lang='grc' dir='ltr'><em>Πως</em></span> <span class='ocrx_word' id='word_1_261' title='bbox 941 2379 1138 2447; x_wconf 89' lang='grc' dir='ltr'><em>λέγεις,</em></span> <span class='ocrx_word' id='word_1_262' title='bbox 1160 2380 1329 2482; x_wconf 81' lang='grc' dir='ltr'><em>ἔφην,</em></span> <span class='ocrx_word' id='word_1_263' title='bbox 1352 2379 1393 2431; x_wconf 77' lang='grc' dir='ltr'><em>ὠ</em></span> <span class='ocrx_word' id='word_1_264' title='bbox 1411 2381 1674 2446; x_wconf 87' lang='grc' dir='ltr'><em>Διοτίμα;</em></span> <span class='ocrx_word' id='word_1_265' title='bbox 1698 2372 1916 2444; x_wconf 80' lang='grc' dir='ltr'><em>αἰσχρὸς</em></span> 
     </span>
     <span class='ocr_line' id='line_1_30' title="bbox 247 2455 1914 2560; baseline -0.003 -46"><span class='ocrx_word' id='word_1_266' title='bbox 247 2459 355 2560; x_wconf 81' lang='grc' dir='ltr'><em>άρα</em></span> <span class='ocrx_word' id='word_1_267' title='bbox 398 2456 426 2515; x_wconf 94' lang='lat'>6</span> <span class='ocrx_word' id='word_1_268' title='bbox 441 2457 620 2529; x_wconf 72' lang='grc' dir='ltr'><em>’Έρως</em></span> <span class='ocrx_word' id='word_1_269' title='bbox 656 2461 768 2515; x_wconf 84' lang='grc' dir='ltr'><em>ἐστὶ</em></span> <span class='ocrx_word' id='word_1_270' title='bbox 804 2461 895 2516; x_wconf 83' lang='grc' dir='ltr'><em>καὶ</em></span> <span class='ocrx_word' id='word_1_271' title='bbox 932 2459 1130 2526; x_wconf 80' lang='grc' dir='ltr'><em>κακός;</em></span> <span class='ocrx_word' id='word_1_272' title='bbox 1167 2460 1258 2515; x_wconf 86' lang='grc' dir='ltr'><em>καὶ</em></span> <span class='ocrx_word' id='word_1_273' title='bbox 1293 2457 1330 2530; x_wconf 80' lang='grc' dir='ltr'><em>ἥ</em></span> <span class='ocrx_word' id='word_1_274' title='bbox 1341 2501 1355 2529; x_wconf 86' lang='grc'><em>,</em></span> <span class='ocrx_word' id='word_1_275' title='bbox 1397 2456 1517 2514; x_wconf 81' lang='grc' dir='ltr'><em>Οὐκ</em></span> <span class='ocrx_word' id='word_1_276' title='bbox 1554 2455 1914 2527; x_wconf 81' lang='grc' dir='ltr'><em>εὐφημήσεις;</em></span> 
     </span>
     <span class='ocr_line' id='line_1_31' title="bbox 245 2534 1916 2612; baseline -0.004 -17"><span class='ocrx_word' id='word_1_277' title='bbox 245 2545 378 2612; x_wconf 80' lang='grc' dir='ltr'><em>ἐφη·</em></span> <span class='ocrx_word' id='word_1_278' title='bbox 414 2563 448 2612; x_wconf 89' lang='grc' dir='ltr'><em>η</em></span> <span class='ocrx_word' id='word_1_279' title='bbox 471 2547 598 2610; x_wconf 78' lang='grc' dir='ltr'><em>οἴει,</em></span> <span class='ocrx_word' id='word_1_280' title='bbox 639 2539 672 2594; x_wconf 82' lang='grc' dir='ltr'>ὅ</span> <span class='ocrx_word' id='word_1_281' title='bbox 690 2563 742 2596; x_wconf 92' lang='grc' dir='ltr'><em>τι</em></span> <span class='ocrx_word' id='word_1_282' title='bbox 770 2538 842 2596; x_wconf 71' lang='grc' dir='ltr'><em>ἂν</em></span> <span class='ocrx_word' id='word_1_283' title='bbox 870 2540 942 2612; x_wconf 86' lang='grc' dir='ltr'><em>μὴ</em></span> <span class='ocrx_word' id='word_1_284' title='bbox 974 2539 1148 2596; x_wconf 83' lang='grc' dir='ltr'><em>καλὸν</em></span> <span class='ocrx_word' id='word_1_285' title='bbox 1174 2534 1236 2611; x_wconf 82' lang='grc' dir='ltr'><em>ᾗ,</em></span> <span class='ocrx_word' id='word_1_286' title='bbox 1280 2538 1582 2610; x_wconf 79' lang='grc' dir='ltr'><em>ἀναγκαῖον</em></span> <span class='ocrx_word' id='word_1_287' title='bbox 1610 2536 1744 2593; x_wconf 83' lang='grc' dir='ltr'><em>αὐτὸ</em></span> <span class='ocrx_word' id='word_1_288' title='bbox 1777 2535 1916 2591; x_wconf 85' lang='grc' dir='ltr'><em>εἶναι</em></span> 
     </span>
    </p>
   </div>
   <div class='ocr_carea' id='block_1_4' title="bbox 131 2612 1915 2694">
    <p class='ocr_par' dir='ltr' id='par_1_5' title="bbox 131 2612 1915 2694">
     <span class='ocr_line' id='line_1_32' title="bbox 131 2612 1915 2694; baseline -0.004 -16"><span class='ocrx_word' id='word_1_289' title='bbox 131 2646 216 2689; x_wconf 79' lang='lat'><em>202</em></span> <span class='ocrx_word' id='word_1_290' title='bbox 247 2621 501 2694; x_wconf 81' lang='grc' dir='ltr'><em>αἰσχρόν;</em></span> <span class='ocrx_word' id='word_1_291' title='bbox 537 2620 798 2677; x_wconf 90' lang='grc' dir='ltr'><em>Μάλιστά</em></span> <span class='ocrx_word' id='word_1_292' title='bbox 825 2644 902 2692; x_wconf 89' lang='grc' dir='ltr'><em>γε.</em></span> <span class='ocrx_word' id='word_1_293' title='bbox 948 2616 1017 2678; x_wconf 85' lang='grc' dir='ltr'><strong><em>Ἦ</em></strong></span> <span class='ocrx_word' id='word_1_294' title='bbox 1042 2620 1186 2679; x_wconf 86' lang='grc' dir='ltr'><em>καὶ</em></span> <span class='ocrx_word' id='word_1_295' title='bbox 1161 2622 1234 2679; x_wconf 78' lang='grc' dir='ltr'><em>οἶν</em></span> <span class='ocrx_word' id='word_1_296' title='bbox 1260 2622 1332 2694; x_wconf 85' lang='grc' dir='ltr'><em>μὴ</em></span> <span class='ocrx_word' id='word_1_297' title='bbox 1366 2622 1572 2692; x_wconf 88' lang='grc' dir='ltr'><em>σοφόν,</em></span> <span class='ocrx_word' id='word_1_298' title='bbox 1610 2619 1844 2689; x_wconf 67' lang='grc' dir='ltr'><em>ἀμαθές-ς</em></span> <span class='ocrx_word' id='word_1_299' title='bbox 1879 2612 1915 2686; x_wconf 78' lang='grc' dir='ltr'><strong><em>ἦ</em></strong></span> 
     </span>
    </p>
   </div>
   <div class='ocr_carea' id='block_1_5' title="bbox 247 2700 1918 2853">
    <p class='ocr_par' dir='ltr' id='par_1_6' title="bbox 247 2700 1918 2853">
     <span class='ocr_line' id='line_1_33' title="bbox 248 2700 1918 2775; baseline -0.004 -17"><span class='ocrx_word' id='word_1_300' title='bbox 248 2701 351 2758; x_wconf 83' lang='grc' dir='ltr'><em>οὐκ</em></span> <span class='ocrx_word' id='word_1_301' title='bbox 380 2701 624 2775; x_wconf 79' lang='grc' dir='ltr'><em>ἤσθησαι</em></span> <span class='ocrx_word' id='word_1_302' title='bbox 652 2700 736 2758; x_wconf 80' lang='grc' dir='ltr'><em>ὅτι</em></span> <span class='ocrx_word' id='word_1_303' title='bbox 763 2708 876 2758; x_wconf 81' lang='grc' dir='ltr'><em>ἔστι</em></span> <span class='ocrx_word' id='word_1_304' title='bbox 905 2725 956 2757; x_wconf 90' lang='grc' dir='ltr'><em>τι</em></span> <span class='ocrx_word' id='word_1_305' title='bbox 984 2703 1185 2774; x_wconf 76' lang='grc' dir='ltr'><em>μεταξύ</em></span> <span class='ocrx_word' id='word_1_306' title='bbox 1215 2710 1412 2775; x_wconf 87' lang='grc' dir='ltr'><em>σοφίας</em></span> <span class='ocrx_word' id='word_1_307' title='bbox 1429 2704 1520 2758; x_wconf 85' lang='grc' dir='ltr'><em>καὶ</em></span> <span class='ocrx_word' id='word_1_308' title='bbox 1537 2700 1803 2771; x_wconf 84' lang='grc' dir='ltr'><em>άμαθίας;</em></span> <span class='ocrx_word' id='word_1_309' title='bbox 1851 2703 1918 2752; x_wconf 84' lang='grc' dir='ltr'><em>Τι’</em></span> 
     </span>
     <span class='ocr_line' id='line_1_34' title="bbox 247 2780 1910 2853; baseline -0.004 -14"><span class='ocrx_word' id='word_1_310' title='bbox 247 2790 440 2851; x_wconf 85' lang='grc' dir='ltr'><em>τοῦτο;</em></span> <span class='ocrx_word' id='word_1_311' title='bbox 479 2781 554 2840; x_wconf 85' lang='grc' dir='ltr'><strong><em>Τό</em></strong></span> <span class='ocrx_word' id='word_1_312' title='bbox 584 2781 729 2852; x_wconf 76' lang='grc' dir='ltr'><em>ὀρθὰ</em></span> <span class='ocrx_word' id='word_1_313' title='bbox 764 2784 1008 2850; x_wconf 80' lang='grc' dir='ltr'><em>δοξάζειν</em></span> <span class='ocrx_word' id='word_1_314' title='bbox 1036 2787 1126 2840; x_wconf 88' lang='grc' dir='ltr'><em>καὶ</em></span> <span class='ocrx_word' id='word_1_315' title='bbox 1156 2784 1293 2840; x_wconf 76' lang='grc' dir='ltr'><em>ἄνευ</em></span> <span class='ocrx_word' id='word_1_316' title='bbox 1313 2789 1412 2839; x_wconf 87' lang='grc' dir='ltr'><em>τοῦ</em></span> <span class='ocrx_word' id='word_1_317' title='bbox 1432 2788 1573 2853; x_wconf 79' lang='grc' dir='ltr'><em>ἔχειν</em></span> <span class='ocrx_word' id='word_1_318' title='bbox 1592 2780 1760 2851; x_wconf 89' lang='grc' dir='ltr'><em>λόγον</em></span> <span class='ocrx_word' id='word_1_319' title='bbox 1780 2783 1910 2834; x_wconf 57' lang='grc' dir='ltr'><em>δοῦἠ</em></span> 
     </span>
    </p>
   </div>
   <div class='ocr_carea' id='block_1_6' title="bbox 2014 0 2028 275">
    <p class='ocr_par' dir='ltr' id='par_1_7' title="bbox 2014 0 2028 275">
     <span class='ocr_line' id='line_1_35' title="bbox 2014 0 2028 275; baseline 0 0"><span class='ocrx_word' id='word_1_320' title='bbox 2014 0 2028 275; x_wconf 95' lang='lat' dir='ltr'><em> </em></span> 
     </span>
    </p>
   </div>
  </div>
 </body>
</html>
