2028 3198
284 198 352 248 24
879 197 1358 246 ΠΛΑΤΩΝΟΣ

285 332 561 402 ρασμένον
581 326 652 385 ἂν
674 338 756 401 εἰή
776 329 912 385 κατὰ
931 326 992 384 τὸ
1013 327 1148 384 ὅλον
1169 326 1229 384 τὸ
1250 329 1336 385 ἕν·
1373 328 1407 400 ἢ
1438 328 1507 384 οὐ
1527 333 1827 399 περιέχεται
1846 327 1953 385 ὑπὸ
2023 356 2028 358 ·

172 426 254 470 145
282 417 385 467 τοῦ
411 410 549 466 ὅλου
579 409 643 465 τά
674 411 864 480 μύριοις
894 408 1146 481 Ἀνάγκη.
1215 409 1372 466 Ἀλλὰ
1401 410 1512 482 μὴν
1541 411 1604 466 τό
1624 432 1686 482 γε
1706 419 1959 482 περιέχον

283 494 450 561 πέρας
478 489 550 547 ἂν
579 499 675 563 εἴη.
750 498 880 556 Πῶς
904 489 954 546 δ’
989 489 1082 553 οὕς
1125 490 1197 547 T&
1231 494 1292 547 ἓν
1312 491 1420 560 ἄρα
1450 489 1517 548 ὂν
1545 493 1608 547 ἕν
1628 494 1691 548 τέ
1705 494 1824 547 ἐστί
1847 512 1958 547 που

282 575 373 628 καὶ
407 572 609 643 πολλά,
651 575 741 628 καὶ
776 571 911 629 ὅλον
947 573 1038 628 καὶ
1065 573 1262 644 μόρια,
1302 575 1394 629 καὶ
1422 575 1839 645 πεπερασμένον
1867 574 1960 629 καὶ

282 653 513 723 ἄπειρον
531 654 748 726 πλήθει.
825 658 1099 709 Φαίνεται.
1145 648 1258 722 Ἆρ’
1283 649 1389 709 οὖν
1407 654 1528 726 οὐκ,
1550 658 1769 725 ἐπείπερ
1791 675 1959 710 πεπεψν

281 737 573 806 ρασμένον,
595 737 686 791 καὶ
706 740 901 806 ἔσχατα
920 740 1071 806 ὲ’χον;
1094 733 1346 805 Ἀνάγκη.
1392 742 1460 790 Τί
1475 734 1544 802 δ’;
1563 733 1697 791 ὅλον
1715 733 1837 791 *ὂν*
1853 734 1945 791 οὐ)

282 815 457 888 ἀρχὴν
486 812 559 871 ἂν
586 819 700 887 ἔχοι
726 817 818 872 καὶ
846 818 1018 887 μέσον
1047 817 1137 871 καὶ
1155 816 1442 887 τελευτήν;
1479 813 1514 887 ἢ
1535 812 1657 873 οἶόν
1675 818 1737 872 τέ
1752 839 1803 871 τι
1823 815 1958 871 ὅλον
2004 864 2007 869 .

282 897 421 954 εἶναι
440 895 581 953 ἄνευ
602 905 771 966 τριῶν
789 898 1031 964 τούτων;
1069 896 1176 952 κᾶν
1195 919 1296 953 του
1318 901 1380 954 ἓν
1399 898 1590 954 ὁτιοῦν
1608 897 1794 955 αὐτῶν
1817 897 1957 954 ἀπο*
2007 929 2010 931 *

281 985 465 1051 στατῇ,
489 980 744 1050 ἐθελήσει
763 984 840 1036 ἔτι
859 979 995 1036 ὅλον
1014 978 1178 1047 εἶναι;
1209 977 1327 1036 Οὐκ
1351 980 1616 1051 ἐθελήσει.
1654 982 1763 1036 Καὶ
1783 979 1953 1051 ἀρχὴν
2008 972 2021 1005 ³

218 1073 249 1115 B
283 1060 377 1132 δή,
399 1058 473 1126 ὦς
491 1065 662 1133 ἔοικε,
683 1064 774 1118 καὶ
793 1061 1054 1133 τελευτὴν
1072 1063 1162 1117 καὶ
1182 1063 1352 1133 μέσον
1371 1066 1482 1133 ἔχοι
1500 1059 1570 1117 ἂν
1587 1060 1647 1117 τὸ
1670 1063 1747 1116 ἕν.
1793 1061 1946 1132 ’Ἑχοι

275 1140 437 1198 Ἀλλὰ
469 1140 580 1213 μὴν
609 1143 673 1199 τό
700 1165 763 1213 γε
782 1148 951 1214 μέσον
970 1151 1098 1200 ἴσον
1115 1150 1227 1198 τῶν
1247 1145 1490 1215 ἐσχάτων
1508 1143 1693 1215 άπέχει
1707 1167 1717 1176 ·
1760 1141 1828 1198 οὐ
1848 1141 1954 1212 γὰρ

278 1221 352 1281 ἄν
370 1223 549 1289 ἄλλως
567 1226 737 1296 μέσον
758 1234 856 1297 εἴη.
899 1225 983 1281 Οὐ
1007 1226 1127 1295 γάρ.
1168 1228 1274 1280 Καὶ
1294 1225 1566 1296 σχήματος
1587 1226 1654 1297 δή
1672 1247 1847 1295 τινος,
1884 1222 1958 1288 ῶς

280 1312 450 1377 ἔοικε,
470 1313 726 1363 τοιοῦτον
745 1303 813 1363 ὂν
830 1310 1042 1378 μετέχοι
1062 1303 1134 1362 ἂν
1155 1307 1215 1363 τὸ
1234 1309 1314 1377 ἔν,
1342 1306 1463 1378 ἤτοι
1482 1305 1677 1372 εὐθέος
1700 1302 1736 1378 ἢ
1757 1323 1952 1375 στρογ-

281 1387 516 1459 γύλουῆ
534 1409 682 1453 τινος
702 1392 900 1459 μικτοῦ
921 1390 974 1453 ἐξ
1004 1386 1229 1458 ἀμφοῖν.
1284 1391 1517 1459 Μετέχοι
1556 1386 1662 1457 γάρ
1699 1387 1785 1442 ἄν.
1836 1382 1951 1456 Ἆρ’
2011 1424 2014 1427 v

283 1461 390 1523 οὖν
418 1467 597 1533 οὕτως
626 1474 753 1539 ἕχον
782 1467 885 1524 οὐκ
915 1467 1052 1524 αὐτό
1072 1490 1129 1525 τε
1147 1472 1208 1525 ἐν
1227 1472 1405 1540 ἑαυτῷ
1425 1473 1572 1524 ἔσται
1591 1470 1680 1524 καὶ
1702 1471 1760 1524 ἐν
1778 1467 1953 1539 ἄλλοις

280 1555 434 1614 Πῶς;
477 1555 603 1605 Τῶν
631 1556 818 1621 μερῶν
846 1571 957 1605 που
985 1551 1218 1607 ἕκαστον
1236 1553 1296 1607 ἐν
1314 1556 1392 1623 τῷ
1412 1549 1523 1624 ὅλῳ
1550 1551 1661 1606 ἐστὶ
1680 1551 1770 1606 καὶ
1790 1548 1955 1605 οὐδὲν

281 1629 436 1696 ἐκτὸς
452 1637 554 1687 τοῦ
573 1629 722 1687 ὅλου.
775 1630 982 1696 Οὕτως.
1035 1631 1228 1687 Πάντα
1249 1633 1307 1688 δὲ
1325 1630 1391 1686 τὰ
1410 1635 1546 1702 μέρη
1569 1628 1677 1687 ὑπὸ
1698 1636 1798 1686 τοῦ
1818 1629 1956 1686 ὅλου

219 1731 251 1774 c
282 1716 609 1781 περιέχεται;
645 1718 772 1768 Ναί.
828 1715 938 1769 Καὶ
967 1712 1078 1784 μὴν
1096 1714 1163 1768 τά
1182 1735 1243 1784 γε
1262 1714 1442 1768 πάντα
1460 1718 1594 1784 μέρη
1613 1711 1681 1769 τὰ
1701 1710 1874 1768 αὑτοῦ
1893 1713 1953 1769 τὸ

281 1794 342 1847 ἕν
360 1794 490 1860 ἐστι,
513 1794 605 1847 καὶ
625 1791 753 1848 οὔτε
772 1816 823 1848 τι
843 1797 1013 1849 πλέον
1030 1793 1160 1849 οὔτε
1182 1799 1408 1850 ἔλαττον
1424 1791 1461 1866 ἢ
1480 1795 1677 1851 πάντα.
1719 1793 1804 1851 Οὐ
1831 1795 1954 1866 γάρ.

285 1870 517 1928 Οὐκοῦν
552 1875 644 1929 καὶ
683 1872 744 1929 τὸ
783 1873 918 1930 ὅλον
952 1874 1014 1930 τὸ
1053 1875 1116 1929 ἕν
1147 1876 1321 1940 ἐστιν;
1355 1882 1485 1940 Πῶς
1527 1874 1579 1930 δ’
1613 1873 1708 1940 οὔ;
1742 1879 1814 1930 Εἰ
1847 1875 1956 1945 ἄρα

281 1955 460 2011 πάντα
479 1955 547 2011 τοὶ
571 1959 709 2028 μέρη
731 1958 793 2012 ἐν
810 1956 920 2031 ὅλῳ
941 1955 1196 2027 τυγχάνει
1215 1956 1348 2013 ὄντα
1360 1999 1375 2026 ,
1407 1961 1517 2012 ἔστι
1537 1957 1595 2013 δὲ
1613 1957 1681 2012 τά
1700 1977 1758 2012 τε
1778 1957 1957 2012 πάντα
2008 1984 2010 1986 ·

279 2035 340 2094 τὸ
365 2040 427 2093 ἓν
448 2038 540 2093 καὶ
567 2036 702 2094 αὐτὸ
731 2033 794 2094 τό
826 2037 989 2102 ὅλον,
1029 2040 1332 2108 περιέχεται
1361 2037 1420 2093 δὲ
1449 2035 1558 2092 ὑπὸ
1592 2043 1693 2092 τοῦ
1723 2036 1860 2093 ὅλου
1888 2035 1955 2092 τά

279 2119 484 2191 πάντα,
524 2116 632 2176 ὑπὸ
664 2126 767 2176 τοῦ
796 2120 921 2187 ἑνὸς
944 2118 1015 2177 ἂν
1045 2122 1342 2189 περιέχοιτο
1373 2116 1434 2174 τό
1455 2119 1541 2189 ἕν,
1580 2121 1672 2175 καὶ
1692 2117 1866 2183 οὕτως
1885 2115 1956 2173 ἂν
2002 2139 2007 2162 1

259 2196 382 2275 ’ἤδη
413 2198 474 2258 τὸ
506 2203 570 2257 ἓν
598 2199 733 2258 αὐτὸ
765 2205 825 2258 έν
852 2204 1028 2276 ἑαυτῷ
1064 2210 1160 2273 εἴη.
1237 2207 1511 2256 Φαίνεται.
1582 2199 1739 2256 Ἀλλά
1770 2202 1956 2271 μέντοι
1998 2257 2006 2277 2

277 2283 342 2338 τό
370 2305 434 2353 γε
465 2282 600 2339 ὅλον
629 2278 703 2339 αὖ
732 2282 837 2339 οὐκ
866 2287 928 2340 ἐν
957 2296 1070 2350 τοῖς
1098 2286 1319 2356 μέρεσίν
1348 2284 1523 2353 ἐστιν,
1560 2281 1686 2338 οὔτε
1708 2284 1768 2336 ἐν
1787 2289 1955 2337 πᾶσιν
1996 2300 1998 2302 ’

216 2382 250 2424 D
282 2363 409 2420 οὔτε
429 2365 488 2420 έν
511 2371 633 2420 τινί.
674 2370 725 2421 εἰ
740 2364 846 2436 γάρ
866 2368 927 2422 ἐν
944 2374 1138 2437 πᾶσιν,
1176 2364 1388 2436 ἀνάγκη
1409 2365 1501 2420 καὶ
1531 2367 1592 2420 έν
1620 2365 1726 2421 ἑνί·
1764 2367 1825 2418 ἐν
1848 2385 1957 2418 τινι
1999 2375 2001 2378 ’

278 2443 386 2517 γάρ
417 2446 498 2501 ἑνὶ
526 2444 599 2517 μὴ
627 2441 696 2501 ὂν
716 2445 820 2502 οὐκ
842 2443 914 2502 ὄίν
934 2454 1011 2504 ἔτι
1029 2468 1140 2504 που
1158 2447 1385 2503 δύναιτο
1404 2450 1466 2501 ἔν
1484 2467 1545 2516 γε
1566 2442 1772 2500 ἅπασιν
1792 2443 1954 2500 εἶναι·

280 2532 331 2583 εἰ
356 2528 416 2582 δὲ
444 2533 608 2582 τοῦτο
639 2527 742 2598 μὲν
772 2526 835 2583 τὸ
866 2530 928 2584 ἓν
960 2536 1073 2585 τῶν
1101 2526 1364 2584 ἁπάντων
1394 2530 1533 2595 ἐστι’,
1570 2528 1631 2582 τὸ
1663 2525 1723 2582 δὲ
1742 2524 1876 2580 ὅλον
1895 2527 1955 2580 ἐν

280 2607 456 2682 τούτῳ
479 2605 590 2678 [μὴ]
612 2612 722 2678 ἔνι,
759 2615 876 2673 πῶς
905 2613 981 2664 ἔτι
1009 2614 1070 2664 ἕν
1088 2631 1149 2680 γε
1169 2621 1281 2674 τοῖς
1300 2615 1469 2664 πᾶσιν
1488 2611 1727 2673 ἐνέσται;
1768 2603 1955 2662 Οὐδα-
1992 2661 1994 2664 .

278 2695 407 2760 μῶς.
462 2686 608 2745 Οὐδὲ
627 2687 737 2759 μὴν
757 2691 817 2744 ἐν
835 2693 943 2745 τισὶ
961 2697 1074 2745 τῶν
1093 2697 1293 2761 μερῶν.
1341 2695 1392 2746 εἰ
1406 2688 1513 2760 γὰρ
1534 2692 1595 2745 ἐν
1611 2690 1717 2744 τισὶ
1736 2687 1796 2743 τὸ
1819 2687 1954 2743 ὅλον

280 2778 391 2842 εἴη,
429 2769 491 2825 τὸ
517 2771 688 2826 πλέον
715 2765 789 2824 ἂν
818 2772 878 2825 ἐν
905 2776 980 2844 τῷ
1011 2773 1257 2827 ἐλάττονι
1290 2779 1399 2842 εἴη,
1439 2769 1471 2825 ὅ
1490 2773 1637 2825 ἐστιν
1655 2768 1949 2825 ἀδύνατον.
2025 2814 2028 2822 .

276 2851 579 2908 Ἀδύνατον
598 2851 721 2922 γάρ.
797 2851 897 2921 Μὴ
931 2849 997 2907 ὂν
1018 2851 1067 2907 δ’
1104 2856 1163 2909 ἐν
1183 2858 1392 2908 πλείοσι
1409 2849 1536 2923 μηδ’
1564 2854 1624 2906 ἐν
1643 2852 1723 2907 ἑνὶ
1742 2851 1873 2922 μηδ’
1894 2851 1955 2907 ἑν
