2028 3198
264 154 368 205 216
867 151 1344 199 ΠΛΑΤΩΝΟΣ
1884 157 1941 201 78

264 294 427 344 τοῦτο
449 288 788 355 κεκλημένον
803 285 1087 354 παρέξεται
1101 305 1111 315 ·
1134 285 1256 351 περὶ
1278 281 1329 337 δ’
1355 278 1428 338 αὖ
1443 287 1618 354 μέθας
1635 282 1943 352 τυραννεύ-

266 386 434 438 σασα,
473 367 571 422 τὸν
591 365 927 436 κεκτημένον
943 365 1117 437 ταύτῃ
1137 364 1354 435 ἄγουσα
1367 407 1381 435 ,
1417 370 1587 435 δῆλον
1616 359 1687 420 οὗ
1704 364 1946 430 τεύξεται

266 450 650 520 προσρήματος
665 470 675 479 ·
718 448 810 502 καὶ
828 440 999 501 τᾶλλα
1032 445 1096 516 δὴ
1118 446 1184 501 τὰ
1205 448 1419 502 τούτων
1439 445 1652 517 άδελφὰ
1675 448 1766 501 καὶ
1785 442 1945 500 ἀδελ-

266 539 391 603 φῶν
420 536 734 601 ἐπιθυμιῶν
763 526 1009 598 ὀνόματα
1030 535 1125 598 τῆς
1148 527 1232 584 ἀεὶ
1252 529 1698 599 δυναστευούσης
1717 524 1753 599 ᾗ
1774 543 1947 595 προσ-

265 614 387 686 ήκει
415 621 705 669 καλεῖσθαι
735 611 1034 681 πρόδηλον.
1071 603 1136 680 ἧς
1157 611 1211 665 δ’
1233 613 1394 666 ἕνεκα
1415 611 1593 665 πάντα
1611 609 1676 665 τοὶ
1698 609 1949 679 πρόσθεν

269 704 503 767 εἴρηται,
535 695 731 766 σχεδὸν
751 694 851 765 μὲν
875 692 979 764 ἤδη
1003 701 1278 792 φανερόν,
1309 692 1507 763 λεχθὲν
1527 694 1586 746 δὲ
1602 689 1639 763 ἢ
1660 691 1731 762 μὴ
1752 691 1950 790 λεχθὲν

269 784 382 833 πᾶν
401 798 516 841 πως
549 782 913 847 σαφέστερον·
953 772 985 845 ἡ
1005 773 1111 844 γὰρ
1133 774 1271 829 άνευ
1290 774 1463 843 λόγου
1485 774 1644 844 δόξης
1665 775 1752 828 ἐπὶ
1771 773 1830 828 τὸ
1853 772 1951 839 ὁρ-

209 873 241 915 C
269 858 383 914 θὸν
411 856 668 929 ὁρμώσης
697 857 1016 928 κρατήσασα
1047 858 1314 927 ἐπιθυμία
1334 855 1472 927 πρὸς
1489 854 1700 926 ἡδονὴν
1721 852 1951 925 ἀχθεῖσα

266 941 534 1009 κάλλους,
574 942 663 995 καὶ
693 937 801 994 ὑπὸ
835 942 906 993 αὐ
936 945 1048 993 τῶν
1078 939 1274 1008 ἑαυτῆς
1316 944 1603 1007 συγγενων
1638 940 1952 1007 ἐπιθυμιῶν

267 1025 355 1080 ἐπι
410 1021 680 1092 σωμάτων
730 1021 931 1085 κάλλος
979 1023 1299 1091 ἐρρωμένως
1345 1022 1624 1091 ῥωσθεῖσα
1678 1018 1946 1089 νικήσασα

269 1104 486 1177 ἀγωγή,
525 1102 612 1158 ἀπ’
646 1101 815 1173 αὐτῆς
844 1109 938 1173 τῆς
957 1102 1142 1173 ρ”ωμης
1160 1105 1481 1171 ἐπωνυμίαν
1501 1108 1774 1173 λαβοῦσα,
1812 1106 1947 1169 ἔρως

268 1189 493 1258 ἐκλήθη.

409 1275 521 1326 XV.
585 1266 774 1336 Ἀτάρ,
814 1261 859 1320 ὦ
902 1273 1026 1336 φίλε
1064 1270 1295 1337 Φαῖδρε,
1340 1269 1484 1321 δοκῶ
1525 1287 1575 1320 τι
1612 1270 1725 1334 σοί,
1767 1262 1951 1334 ὥσπερ

267 1356 487 1424 ἐμαυτῷ
501 1393 515 1422 ,
538 1359 698 1405 θεῖον
718 1350 902 1413 πάθος
922 1350 1291 1412 πεπονθέναι;

412 1439 563 1488 ΦΑΙ.
621 1432 788 1487 Πάνυ
807 1433 908 1502 μὲν
929 1425 1062 1502 οὖν,
1085 1424 1129 1486 ὦ
1151 1430 1470 1500 Σώκρατες,
1505 1427 1651 1497 παρὰ
1673 1426 1731 1483 τὸ
1757 1426 1955 1490 εἰωθὸς

270 1511 464 1583 εὔροιά
482 1520 562 1580 τίς
581 1530 641 1570 σε
662 1521 901 1585 εἴληφεν.

412 1602 538 1652 ΣΩ.
590 1601 737 1667 Σιγῇ
757 1599 949 1650 τοίνυν
964 1616 1074 1665 μου
1095 1594 1263 1650 ἄκουε
1277 1615 1289 1628 ·
1314 1601 1389 1667 τῷ
1409 1592 1529 1650 ὄντι
1544 1591 1650 1663 γὰρ
1672 1599 1823 1655 θεῖος
1845 1595 1956 1645 ἔοι-

207 1690 241 1732 D
275 1700 373 1733 κεν
403 1676 432 1732 ὁ
463 1677 630 1740 τόπος
660 1675 825 1731 εἶναι·
865 1674 1004 1731 ὥστε
1033 1675 1132 1732 ἐὰν
1153 1676 1259 1748 ἄρα
1281 1676 1542 1740 πολλάκις
1563 1674 1955 1746 νυμφόληπτος

274 1758 566 1827 προϊόντος
583 1764 684 1812 τοῦ
705 1757 877 1826 λόγου
900 1761 1156 1828 γένωμαι,
1178 1757 1252 1829 μὴ
1273 1759 1594 1830 θαυμάσῃς·
1633 1756 1695 1811 τοὶ
1718 1761 1826 1810 νῦν
1848 1754 1954 1823 γὰρ
2023 1791 2028 1825 3

274 1837 459 1894 οὐκέτι
479 1837 669 1907 πόρρω
692 1839 1060 1909 διθυράμβων
1080 1844 1412 1912 φθέγγομαι..

416 1925 565 1975 ΦΛΙ.
615 1917 984 1988 Ἀληθέστατα
1004 1923 1189 1989 λέγεις.

415 2009 539 2058 ΣΩ.
584 2002 812 2056 Τούτων
830 2004 1016 2071 μέντοι
1033 2001 1103 2056 σὺ
1121 2010 1311 2066 αἴτιος·
1333 2000 1470 2056 ἀλλὰ
1490 1999 1553 2054 τὰ
1577 1999 1741 2055 λοιπὰ
1759 1997 1928 2053 ἄκουε
1944 2021 1955 2031 ·

275 2094 405 2150 ἴσως
425 2086 529 2156 γὰρ
550 2107 657 2139 καν
681 2082 1052 2153 αποτράποιτο
1079 2084 1139 2138 τό
1174 2085 1341 2139 ἐπιόν.
1373 2089 1545 2137 ταῦτα
1575 2083 1675 2152 μεν
1705 2102 1810 2135 ουν
1839 2087 1955 2151 θεῷ

276 2169 527 2240 μελήσει,
564 2164 696 2238 ἡμῖν
733 2168 792 2220 δὲ
822 2165 957 2236 πρὸς
985 2164 1085 2220 τὸν
1117 2170 1282 2221 παῖδα
1314 2166 1482 2220 πάλιν
1510 2172 1586 2238 τῷ
1616 2163 1764 2236 λόγω
1795 2165 1955 2218 ἰτέον.

275 2287 345 2295 ——
364 2252 523 2321 Εἶεν,
566 2273 608 2304 ω
640 2252 886 2319 φέριστε·
927 2247 957 2304 ὃ
985 2271 1085 2319 μεν
1115 2248 1183 2318 δὴ
1213 2247 1470 2317 τυγχάνει
1499 2242 1566 2301 ὃν
1587 2247 1710 2314 περὶ
1732 2238 1802 2299 οὗ
1822 2249 1958 2315 βου-

278 2337 530 2402 λευτέον,
570 2337 782 2402 εἰρηταί
807 2352 864 2386 τε
893 2332 983 2386 καὶ
1018 2330 1267 2400 ὥρισται,
1306 2333 1600 2401 βλέποντες
1633 2330 1691 2383 δὲ
1722 2324 1788 2398 δὴ
1819 2323 1959 2394 πρὸς

214 2435 248 2477 Ε
279 2415 413 2472 αὐτὸ
435 2416 501 2470 τὰ
521 2413 684 2470 λοιποὶ
704 2415 964 2485 λέγωμεν,
984 2419 1062 2477 τίς
1080 2410 1315 2482 ὠφέλεια
1332 2408 1364 2481 ἢ
1382 2411 1559 2482 βλάβη
1582 2408 1691 2464 ἀπό
1711 2430 1767 2463 τε
1783 2410 1956 2475 ἐρων-
2023 2449 2028 2480 :

278 2521 370 2563 τος
399 2499 488 2553 καὶ
520 2496 591 2566 μὴ
624 2503 701 2568 τῷ
728 2499 1059 2569 χαριζομένῳ
1089 2497 1142 2560 ἐξ
1172 2493 1379 2557 εἰκότος
1402 2491 1752 2562 συμβήσεται.
1795 2494 1868 2562 τῷ
1889 2486 1954 2556 δὴ

280 2579 387 2636 ὑπὸ
428 2581 721 2646 ἐπιθυμίας
758 2576 1042 2650 ἀρχομένῳ
1083 2576 1410 2631 δουλεύοντί
1442 2595 1499 2628 τε
1534 2571 1708 2643 ἡδονῇ
1745 2569 1954 2639 ἀνάγκη

282 2685 392 2718 που
419 2658 480 2716 τὸ
511 2658 792 2729 ἐρώμενον
821 2656 893 2722 ὡς
919 2658 1148 2730 ἥδιστον
1167 2659 1343 2730 ἑαυτῷ
1365 2653 1817 2726 παρασκευάζειν·
1859 2672 1953 2704 νο-

285 2751 476 2800 σοῦντι
505 2741 563 2796 δὲ
594 2747 704 2794 πᾶν
729 2737 837 2809 ἡδὺ
856 2739 916 2794 τὸ
937 2739 1010 2809 μὴ
1031 2738 1353 2808 ἀντιτεῖνον,
1377 2747 1625 2807 κρεῖττον
1645 2734 1703 2787 δὲ
1723 2732 1811 2786 καὶ
1834 2738 1954 2785 ἴσον

167 2843 252 2887 239
283 2824 503 2895 ἐχθρόν.
543 2821 669 2877 οὔτε
705 2819 772 2894 δὴ
803 2828 1026 2892 κρείττω
1057 2819 1185 2877 οὔτε
1215 2819 1511 2888 ἰσούμενον
1550 2813 1690 2870 ἑκών
1728 2811 1957 2883 ἐραστὴς
