2028 3198
595 161 709 210 HA
719 129 1181 209 ΡΜΕΝΙΔΗΣ.
1691 156 1724 207 3

41 297 305 369 ἀνόμοια,
342 301 508 370 τοῦτο
538 297 599 350 δὲ
629 291 695 363 δὴ
732 291 1038 348 ἀδύνατον·
1076 289 1205 348 οὔτε
1239 290 1346 362 γάρ
1383 290 1449 347 τὰ
1488 289 1726 362 ἀνόμοια

44 378 208 451 ὅμοια
246 375 377 433 οὔτε
411 374 479 432 τὰ
507 374 672 446 ὅμοια
700 373 938 445 άνόμοια
977 368 1103 429 οἷόν
1138 394 1196 428 τε
1233 371 1402 440 sivan
1438 369 1541 444 οὐχ
1578 371 1725 428 οὕτω

41 464 242 532 λέγειςς
275 458 466 527 Οὕτω,
487 457 663 528 φάναι
682 456 783 513 τὸν
800 455 1052 527 Ζήνωνα.
1128 454 1359 512 Οὐκοῦν
1379 460 1431 512 εἰ
1446 453 1727 512 ἀδύνατον

41 543 109 599 τά
138 563 197 597 τε
234 540 471 613 άνόμοια
510 539 672 611 ὅμοια
704 538 844 595 εἶναι
878 538 970 593 καὶ
997 537 1063 592 τὰ
1084 535 1248 608 ὅμοια
1285 536 1548 610 ἀνόμοια,
1585 537 1727 595 ἀδύ-

42 646 212 679 νατον
241 626 307 695 δὴ
340 626 432 679 καὶ
461 620 639 678 πολλὰ
662 619 826 677 εἶναι·
865 623 915 675 εἰ
938 617 1047 690 γὰρ
1079 621 1255 675 πολλὰ
1287 627 1397 691 εἴη,
1436 620 1637 692 πάσχοι
1655 616 1727 676 ἂν

41 705 106 763 τά
144 704 420 771 άδύνατα;
457 698 567 774 ἆρα
597 703 765 759 τοῦτό
795 704 943 758 ἐστιν
974 699 1005 757 ὃ
1034 702 1338 774 βούλονταί
1356 721 1460 759 σου
1480 708 1537 760 οἱ
1550 703 1724 775 λόγοι,

42 787 147 845 οὐκ
174 787 309 844 ἄλλο
339 810 392 843 τι
417 783 453 858 ἢ
482 786 848 857 διαμάχεσθαι
876 782 1025 855 παρὰ
1058 786 1238 841 πάντα
1256 783 1323 841 τὰ
1344 784 1631 856 λεγόμενα,
1655 783 1727 850 ὥς

42 868 112 926 οὐ
131 868 309 926 πολλά
330 871 470 934 ἕσας
507 870 597 924 καὶ
625 867 829 923 τούτου
848 865 1022 922 αὐτοῦ
1043 876 1146 924 οἴει
1166 885 1253 924 σοι
1273 868 1571 939 τεκμήριον
1589 867 1728 924 εἶναι

42 955 399 1008 ἕκαστοντῶν
414 951 616 1020 λόγων,
636 949 775 1005 ὥστε
792 950 884 1005 καὶ
902 947 1028 1021 ἡγεῖ
1040 956 1282 1005 τοσαῦτα
1301 951 1566 1022 τεκμήρια
1584 971 1728 1021 παρ-

44 1038 284 1105 έχεσθαι,
322 1032 491 1097 ὅσους
507 1054 610 1101 περ
628 1033 830 1102 λόγους
847 1034 1146 1103 γέγραφας,
1187 1030 1259 1097 ὡς
1276 1032 1379 1088 οὐκ
1393 1037 1507 1089 ἔστι
1522 1034 1727 1100 πολλά;

42 1116 190 1173 οὕτω
211 1121 401 1186 λέγεις,
422 1111 459 1186 ἦ
478 1114 583 1185 ἐγώ
610 1113 714 1171 οὐκ
733 1114 919 1185 ὀρθῶς
939 1116 1382 1186 καταμανθάνω;
1406 1115 1547 1185 Οὔκ,
1569 1114 1727 1186 ἀλλά,

45 1199 219 1270 φάναι
254 1199 356 1255 τὸν
390 1199 655 1269 Ζήνωνα,
693 1205 874 1262 καλῶς
904 1205 1148 1268 συνῆκας
1181 1197 1319 1254 ὅλον
1345 1197 1406 1254 τό
1442 1199 1668 1270 γράμμα
1697 1197 1730 1254 ὃ

45 1283 315 1355 βούλεται.
391 1281 720 1346 ΣᾺανθάνω,
761 1285 932 1335 εἰπεῖν
962 1281 1062 1337 τὸν
1092 1282 1394 1352 Σωκράτη,
1433 1275 1475 1337 ὦ
1503 1288 1731 1353 Παρμε-

46 1368 190 1435 νίδη,
211 1363 298 1419 ὅτι
310 1364 512 1435 Ζήνων
528 1361 625 1417 ὅδε
646 1359 715 1416 οὐ
734 1362 915 1431 μόνον
934 1369 1000 1435 τῇ
1021 1361 1159 1435 άλλη
1176 1382 1279 1419 σου
1297 1372 1454 1439 φιλίᾳ
1472 1366 1732 1436 βούλεται

0 1474 1 1479 ’
45 1446 387 1523 ᾠκειῶσθαι,
428 1443 566 1500 ἀλλὰ
609 1445 700 1500 καὶ
738 1450 816 1516 τῷ
848 1446 1245 1516 συγγράμματι.
1287 1444 1493 1502 ταύτὸν
1510 1446 1617 1518 γὰρ
1636 1450 1728 1516 γε’-

44 1551 224 1600 γραφε
244 1530 457 1597 τρόπον
485 1526 607 1583 τινὰ
629 1526 765 1595 ὅπερ
789 1527 860 1581 σύ
874 1570 887 1593 ,
919 1527 1279 1599 μεταβάλλων
1300 1529 1359 1585 δὲ
1377 1525 1517 1599 ἡμᾶς
1538 1535 1729 1597 πειρᾶ-

43 1634 132 1667 ται
150 1615 425 1684 ἐξαπατᾷν
443 1609 517 1675 ὥς
536 1611 728 1679 ἕτερόν
747 1633 798 1665 τι
815 1613 1006 1680 λέγων.
1028 1609 1099 1665 σύ
1115 1613 1215 1681 μὲν
1235 1611 1340 1681 γάρ
1358 1614 1420 1667 ἐν
1437 1622 1549 1675 τοῖς
1569 1611 1731 1682 ποιή-

1763 1128 1844 1174 128

45 1714 214 1768 μασιν
235 1698 298 1750 ἓν
318 1694 430 1767 φῂς
450 1694 591 1750 εἶναι
615 1692 676 1748 τὸ
698 1700 839 1759 πᾶν,
870 1694 960 1748 καὶ
988 1692 1204 1748 τούτων
1222 1693 1489 1764 τεκμήρια
1507 1698 1729 1765 παρέχει
1760 1713 1792 1754 Β

46 1783 229 1841 καλῶς
246 1798 303 1831 τε
323 1778 415 1832 καὶ
435 1769 520 1831 εὖ·
562 1775 656 1831 ὅδε
679 1775 738 1831 δὲ
757 1769 829 1830 αὖ
850 1774 918 1829 οὐ
938 1777 1116 1831 πολλά
1139 1793 1312 1846 φησιν
1331 1776 1498 1847 εἶναι,
1529 1778 1731 1848 τεκμή-

47 1879 137 1930 ρια
158 1859 216 1915 δὲ
236 1855 405 1922 αὐτὸς
427 1858 725 1928 πάμπολλα
755 1859 846 1913 καὶ
867 1860 1194 1929 παμμεγέθη
1216 1860 1521 1930 παρέχεται.
1544 1858 1606 1915 τὸ
1628 1854 1732 1915 οὖν

46 1939 147 1996 τὸν
164 1941 268 2011 μὲν
286 1942 349 1995 ἓν
369 1939 547 2009 φάναι
562 1982 575 2009 ‚
615 1939 714 1995 τὸν
734 1942 792 1996 δὲ
814 1939 886 2011 μὴ
912 1941 1116 2012 πολλά,
1159 1943 1251 1997 καὶ
1271 1939 1449 2006 οὕτως
1468 1941 1730 2013 ἑκάτερον

44 2025 244 2095 λέγειν,
267 2020 406 2078 ὥστε
428 2021 603 2093 μηδὲν
622 2029 736 2078 τῶν
754 2020 942 2078 αὐτῶν
962 2026 1237 2094 εἰρηκέναι
1258 2027 1443 2079 δοκεῖν
1463 2024 1663 2095 σχεδόν
1681 2047 1731 2079 τι

45 2108 308 2175 λέγοντας
343 2102 543 2175 ταύτά,
583 2103 723 2175 ὑπὲρ
754 2103 897 2176 ἡμᾶς
927 2106 1052 2170 τοὺς
1087 2105 1292 2170 ἄλλους
1322 2111 1577 2175 φαίνεται
1596 2104 1732 2178 ὑμῖν

45 2185 113 2244 τὰ
134 2191 392 2259 εἰρημένα
413 2192 683 2257 εἰρῆσθαι.
759 2192 900 2259 Ναί,
924 2189 1096 2258 φάναι
1120 2188 1220 2244 τὸν
1236 2189 1500 2260 Ζήνωνα,
1536 2183 1581 2245 αἶ
1598 2190 1731 2246 Σω’-

46 2290 254 2340 κρατες.
294 2269 367 2325 σὺ
389 2268 442 2325 δ’
468 2263 573 2325 οὖν
601 2270 705 2342 τὴν
735 2270 1009 2342 α’λήθειαν
1043 2277 1145 2325 τοῦ
1165 2270 1481 2342 γράμματος
1502 2270 1569 2327 οὐ
1590 2293 1733 2328 παν-

50 2358 218 2424 ταχοῦ
244 2350 518 2424 ᾔσθησαι·
566 2359 742 2409 καίτοι
765 2353 950 2420 ὥσπερ
979 2373 1040 2423 γε
1072 2356 1132 2408 αἱ
1156 2352 1434 2410 Λάκαιναι
1463 2356 1734 2422 σκύλακες

50 2425 116 2488 εὖ
151 2441 407 2504 μεταθεῖς
441 2456 499 2490 τε
529 2438 621 2492 καὶ
651 2437 884 2507 ἰχνεύεις
904 2435 969 2491 τὰ
1000 2438 1293 2506 λεχθέντα·
1333 2434 1473 2493 ἀλλὰ
1509 2445 1734 2509 πρῶτον

52 2515 155 2587 μέν
173 2531 235 2570 σε
264 2522 430 2570 τοῦτο
451 2519 751 2589 λανθάνει,
790 2518 875 2574 ὅτι
897 2516 964 2573 οὐ
986 2517 1336 2574 παντάπασιν
1356 2518 1504 2575 οὕτω
1526 2521 1733 2592 σεμνύ-

49 2617 202 2654 νεται
220 2593 281 2651 τὰ
303 2596 556 2668 γράμμα,
589 2599 729 2657 ὥστε
748 2600 888 2671 ἅπερ
909 2598 981 2655 σύ
1000 2602 1173 2671 λέγεις
1193 2603 1496 2673 διανοηθὲν
1513 2611 1734 2674 γραφῆ-

52 2700 160 2749 ναι,
180 2676 311 2744 τούς
331 2676 672 2749 ἀνθρώπους
702 2682 762 2738 δὲ
791 2684 1270 2755 ἐπικρυπτόμενον
1290 2684 1364 2751 ὥς
1384 2708 1435 2741 τι
1454 2690 1591 2757 μέγα
1611 2690 1734 2742 δια-

49 2762 455 2833 πραττόμενον·
497 2761 636 2819 &aad
666 2763 737 2819 σύ
762 2764 864 2835 μὲν
892 2765 1035 2832 εἶπες
1063 2773 1179 2823 τιὸν
1199 2769 1636 2840 συμβεβηκότων
1663 2790 1731 2838 τι,

39 2845 164 2909 Uen
200 2846 259 2902 δὲ
296 2843 359 2901 τό
388 2867 449 2915 γε
480 2844 686 2919 ἀληθὲς
716 2850 951 2921 βοήθειά
969 2873 1048 2917 τις
1066 2857 1238 2908 ταῦτα
1261 2851 1326 2908 τὰ
1345 2851 1639 2924 γράμματα
1657 2858 1734 2924 τῷ

1422 2938 1439 2979 1
1458 2931 1482 2959 *r
