2028 3198
30 146 116 191 10⁶1
196 160 198 162 ’
251 177 267 190 ,
683 131 1068 187 ΦΑΙΔΡΟΣ.
1464 167 1466 169 »
1604 134 1710 186 245

30 273 208 344 μόνον
226 273 350 341 περὶ
367 272 552 341 λόγων
572 268 836 341 ἀκήκοας,
857 266 922 334 ἃς
941 271 1001 325 ἐν
1015 268 1151 343 Ἰλίῳ
1170 269 1525 341 σχολάζοντες
1543 285 1711 326 συνε-

29 355 348 426 γραψάτην,
367 360 481 409 τῶν
499 352 559 408 δὲ
577 350 951 421 Παλαμήδους
969 348 1207 422 ἀνήκοος
1224 352 1485 421 γέγονας;
1740 356 1773 401 0

172 441 323 491 ΦΑΙ.
377 434 489 491 Καὶ
517 434 610 488 ναὶ
637 430 713 503 μὰ
743 429 837 487 Δί’
870 435 1041 503 ἔγωγε
1067 438 1180 488 τοῖν
1206 435 1514 503 Νέστορος,
1553 438 1604 489 εἰ
1634 429 1708 504 μὴ

27 521 271 585 Γοργίαν
286 514 543 584 Νέστορά
572 535 697 570 τινα
725 513 1169 586 κατασκευάζεις,
1207 512 1243 585 ἥ
1262 534 1386 569 τινα
1407 515 1712 585 Θρασύμα-

27 595 127 667 χόν
143 616 202 651 τε
220 597 313 652 καὶ
334 595 633 665 Θεόδωρον
646 594 925 651 Ὀδυσσέα.

165 681 344 733 XLIV.
420 682 545 732 Σῼ.
587 675 761 741 Ἴσως.
819 674 959 731 άλλά
990 675 1096 745 γὰρ
1126 675 1362 741 τούτους
1390 680 1592 749 ἐῶμεν·
1639 677 1711 732 σύ

27 756 81 814 δ’
105 761 247 828 εἰπέ,
267 760 329 813 ἐν
347 761 718 830 δικαστηρίοις
735 761 794 813 οί
808 756 1079 813 ἀντίδικοι
1098 763 1152 813 τί
1167 761 1402 827 δραῖσινς
1434 757 1538 814 οὐκ
1556 757 1712 814 άντι-

26 843 250 909 λέγουσι
267 842 484 910 μέντοι,
507 835 543 911 ἦ
563 845 617 895 τί
633 839 914 910 φήσομευ;

168 925 318 975 ΦΑῙ.
379 919 548 975 Τοῦτ’
568 918 723 976 αὐτό.

165 1006 290 1058 Σῼ.
349 1003 490 1072 Περὶ
509 1009 611 1058 τοῦ
629 1005 848 1058 δικαίου
867 1022 924 1057 τε
943 1003 1031 1057 καὶ
1051 1000 1276 1069 άδίκου;

166 1089 317 1140 ΦΑῙ.
371 1088 501 1139 Ναί.

164 1169 289 1220 ΣΩ.
350 1163 576 1220 Οὐκοῦν
607 1163 636 1220 ὁ
667 1168 825 1236 τέχνῃ
855 1169 1018 1219 τοῦτο
1051 1167 1202 1234 δρῶν
1231 1165 1446 1237 ποιήσει
1466 1172 1712 1238 φανῆναι

24 1246 85 1302 τὸ
116 1243 252 1302 αὐτὸ
284 1258 396 1312 τοῖς
425 1243 612 1311 αὐτοῖς
640 1246 759 1303 τοτὲ
788 1247 891 1316 μὲν
911 1250 1154 1317 δίκαιον,
1190 1246 1327 1303 ὅταν
1347 1250 1406 1304 δὲ
1423 1248 1708 1321 βούληται,
1740 1259 1778 1302 D

26 1329 251 1394 ἄδικον;

166 1417 317 1468 ΦΑΙ.
379 1417 448 1466 Τι’
462 1412 604 1482 μήν;

164 1498 288 1549 ΣΩ.
330 1495 438 1549 Καὶ
465 1495 526 1548 έν
557 1497 863 1565 δημηγορίᾳ
891 1491 957 1563 δὴ
986 1499 1054 1564 τῇ
1081 1495 1238 1549 πόλει
1267 1499 1454 1550 δοκεῖν
1481 1492 1546 1550 τὰ
1567 1493 1708 1550 αὐτοὶ

24 1576 142 1631 τοτὲ
161 1575 262 1645 μὲν
281 1572 471 1645 ἀγαθά
485 1617 500 1643 ,
520 1574 640 1630 τοτὲ
662 1573 713 1628 δ’
739 1568 812 1628 αὖ
831 1572 1118 1639 τάναντίας

167 1661 317 1712 ΦΑῙ.
371 1654 579 1720 Οὕτως.

163 1742 290 1793 ΣΩ.
347 1737 460 1792 Τόν
489 1731 597 1792 οὖν
619 1735 927 1793 Ἐλεατικὸν
951 1740 1297 1811 Παλαμήδην
1333 1743 1564 1811 λέγοντα
1602 1742 1708 1800 οὐκ

22 1826 182 1888 ἴσμεν
199 1818 378 1890 τέχνῃ,
400 1815 539 1874 ὥστε
559 1824 860 1888 φαίνεσθαι
879 1832 990 1884 τοῖς
1011 1818 1279 1876 ἀκούουσι
1297 1820 1364 1877 τά
1385 1821 1525 1880 αὐτὰ
1544 1823 1708 1896 ὅμοια

20 1900 112 1954 καὶ
141 1897 405 1970 ἀνόμοια,
443 1902 535 1955 καὶ
567 1902 630 1955 ἓν
658 1902 748 1956 καὶ
779 1900 984 1971 πολλά,
1023 1903 1263 1972 μένοντά
1291 1925 1348 1959 τε
1379 1899 1453 1960 αὖ
1482 1907 1575 1962 καὶ
1603 1927 1708 1976 φε-

21 2000 254 2051 ρομενας

162 2067 312 2117 ΦΑῙ.
367 2062 541 2119 Μάλα
559 2086 636 2133 γε.

161 2148 284 2198 ΣΩ.
342 2141 463 2199 Οὐκ
487 2144 597 2215 ἄρα
618 2144 796 2217 μόνον
815 2147 939 2216 περὶ
962 2147 1284 2218 δικαστήριά
1302 2151 1362 2203 τέ
1378 2146 1578 2220 ἐστινὴ
1599 2146 1705 2205 άν-

0 2192 263 2293 ιιλογικὴ
283 2225 374 2279 καὶ
393 2228 515 2292 περὶ
536 2230 904 2298 δημηγορίαν,
925 2224 1070 2296 ἀλλ’,
1097 2225 1168 2291 ὡς
1186 2232 1356 2299 ἔοικε,
1377 2232 1499 2301 περὶ
1520 2230 1702 2287 πάντα
1730 2240 1763 2281 Ε

0 2296 86 2360 ’,ῗτὰ
118 2301 388 2373 λεγόμενα
417 2310 512 2374 μία
544 2328 623 2371 τις
651 2310 838 2378 τέχνη,
879 2314 1033 2376 εἰπερ
1051 2311 1225 2378 ἔστιν,
1265 2307 1403 2382 αὕτη
1424 2307 1496 2366 ἂν
1514 2318 1626 2382 εἴη,
1665 2302 1703 2383 ᾗ

15 2404 98 2451 τις
127 2379 241 2449 οἶός
270 2382 319 2439 τ’
352 2389 500 2441 ἔσται
528 2394 641 2443 πᾶν
660 2389 824 2444 παντὶ
844 2386 1079 2458 ὁμοιοῦν
1097 2396 1211 2444 ταῖν
1235 2394 1491 2447 δυνατῶν
1507 2393 1601 2448 καὶ
1621 2386 1702 2458 οἷς

18 2467 293 2535 δυνατόν,
330 2469 419 2522 καὶ
449 2466 622 2523 ἄλλου
652 2466 978 2539 ὁμοιοῦντος
999 2473 1088 2525 καὶ
1107 2469 1606 2545 ἀποκρυπτομένου
1626 2477 1702 2538 εἰς

18 2552 138 2618 φῶς
157 2546 330 2618 ἄγειν.

160 2634 310 2685 ΦΑΙ.
370 2635 500 2696 Παῖς
520 2630 586 2702 δὴ
611 2629 671 2686 τὸ
693 2639 947 2689 τοιοῦτον
965 2636 1167 2704 airum

157 2716 279 2767 ΣΩ.
334 2716 474 2783 Τῇδε
496 2716 644 2767 δοκῶ
664 2717 881 2783 ζητοῦσι
900 2724 1217 2785 φανεῖσθαι.
1264 2714 1443 2787 ἀπάτη
1462 2717 1701 2786 πότερον

20 2793 80 2847 ἐν
98 2793 241 2849 πολὺ
261 2796 589 2863 διαφέρουσι
609 2801 849 2866 γίγνεται
868 2803 1080 2868 μᾶλλον
1100 2794 1134 2870 ἢ
1156 2795 1373 2868 ὀλίγους
