2028 3198
685 105 1067 154 ΦΑΙΔΡΟΣ.
1611 101 1731 152 211-

33 236 212 294 ἇπασί
235 255 325 295 σοι
354 245 611 307 παραινῶ
637 249 749 303 τοῖς
766 259 839 309 μη
862 239 1027 307 ἐρῶσι
1045 240 1362 307 χαρίζεσθαι
1427 233 1532 306 ἐγώ
1553 237 1614 290 δὲ
1633 234 1717 290 οἷ·-

34 342 132 392 μαι
165 316 290 375 οὐδ’
321 315 396 374 ἄν
424 318 526 375 τὸν
555 321 765 387 ἐρῶντα
795 318 934 389 πρὸς
962 318 1211 384 ἅπαντάς
1239 336 1299 374 σε
1319 318 1565 374 κελεύειν
1583 315 1715 381 τοὺς

35 404 278 470 ἐρῶντας
303 401 514 471 ταύτην
543 405 687 471 ἔχειν
714 398 817 471 τὴν
847 400 1116 456 διάνοιαν.
1173 399 1303 456 οὔτε
1331 399 1439 472 γὰρ
1473 407 1552 476 τῷ
1570 400 1715 474 λόγῳ
1747 411 1779 452 G

37 484 375 554 λαμβάνοντι
392 483 612 554 χάριτος
631 491 752 555 ἴσης
772 482 958 552 άξιον,
993 482 1122 539 οὔτε
1141 486 1228 539 σοὶ
1245 458 1568 558 βουλομένῳ
1589 481 1720 548 τούς

36 563 242 630 αλλους
277 564 586 621 λανθάνειν
619 563 821 636 ὁμοίως
861 564 1128 620 δυνατόν·
1170 569 1257 620 δεῖ
1288 565 1345 621 δε
1373 565 1591 637 βλάβην
1618 565 1720 654 μὲν

35 644 123 702 ἀπ’
149 644 326 702 αὐτοῦ
343 651 641 718 μηδεμίαν,
662 644 937 717 ῶφέλειαν
960 645 1071 703 δὲ’
1039 656 1249 718 αμφοῑν
1266 652 1573 716 γίγνεσθαι.
1612 635 1715 716 ἐγω

34 730 138 800 μὲν
155 722 261 785 οὖν
280 729 444 784 ἱκανά
463 750 557 800 μοι
575 734 775 801 νομίζω
794 751 860 784 τα
880 732 1160 801 εἰρημένα·
1201 734 1252 784 εἰ
1271 731 1335 784 δέ
1346 751 1397 784 τι
1418 728 1489 784 σύ
1508 737 1718 799 ποθεῖς,

37 809 346 883 ἡγούμενος
365 819 808 882 παραλελεῖφθαι
822 854 837 881 ,
860 812 1053 881 ἐρώτα.

177 899 240 948 Χ.
319 899 391 949 Τί
421 910 508 950 σοι
545 900 824 964 φαίνεται,
879 887 924 948 ὦ
961 892 1281 963 Σώκρατες,
1320 890 1349 948 ὁ
1390 893 1581 963 λόγος;
1619 891 1720 963 οὐχ

38 973 340 1045 ὑπερφυῶς
358 974 426 1030 τά
442 997 500 1031 τε
521 975 662 1031 ἄλλα
682 978 773 1033 καὶ
791 988 902 1039 τοῖς
924 972 1194 1045 ὀνόμασιν
1215 979 1496 1046 εἰρῆσθαι;
1747 979 1779 1019 D

178 1061 303 1114 ΣΩ.
354 1062 671 1129 Δαιμονίως
688 1058 790 1129 μὲν
810 1052 940 1129 οὖν,
972 1051 1017 1113 ῶ
1036 1059 1213 1129 ἑταῖρε
1227 1099 1241 1127 ,
1270 1054 1407 1113 ὥστε
1427 1079 1494 1128 με
1514 1060 1719 1114 ἐκπλα-

38 1148 217 1211 γῆναι.
272 1141 363 1196 καὶ
379 1146 543 1196 τοῦτο
565 1140 670 1210 ἐγώ
692 1144 909 1196 ἔπαθον
930 1138 1019 1195 διὰ
1039 1141 1126 1210 σε’,
1167 1133 1211 1195 ῶ
1231 1143 1463 1208 Φαῖδρε,
1504 1140 1641 1210 πρὸς
1660 1141 1720 1196 σὲ

38 1221 441 1293 ἆποβλέπων,”
410 1244 493 1277 οτι
512 1223 629 1292 ἐμοὶ
648 1222 856 1287 ἐδόκεις
877 1222 1159 1292 γάνυσθαι
1179 1220 1287 1278 ὑπὸ
1310 1230 1409 1278 τοῦ
1430 1223 1602 1294 λόγου
1621 1247 1719 1295 με-

38 1304 173 1370 ταξὺ
208 1303 657 1374 α’ναγιγνῶσκων.
714 1301 1024 1375 ἡγούμενος
1062 1304 1169 1374 γὰρ
1207 1307 1266 1360 σε
1305 1312 1519 1375 μᾶλλον
1555 1304 1591 1377 ἢ
1627 1307 1719 1378 ἐμε

36 1390 247 1442 ἐπαΐειν
284 1386 408 1455 περὶ
444 1392 556 1440 τῶν
591 1385 859 1441 τοιούτων
895 1390 982 1443 σοὶ
1016 1388 1274 1458 εἱπόμην,
1327 1390 1417 1443 καὶ
1454 1388 1722 1459 ἑπόμενος

36 1468 454 1540 συνεβάκχευσα
474 1466 607 1538 μετὰ
627 1475 733 1523 σοῦ
751 1476 844 1539 τῆς
862 1476 1019 1536 θείας
1039 1478 1293 1541 κεφαλῆς.

179 1555 330 1606 ΦΑΙ.
383 1547 541 1605 Εἶεν·
574 1548 722 1606 οὕτω
743 1549 809 1622 δὴ
834 1556 988 1607 δοκεῖ
1002 1558 1236 1619 παίζειν;

181 1637 305 1687 ΣΩ.
358 1639 529 1687 Δοκῶ
546 1633 656 1703 γάρ
677 1650 763 1690 σοι
785 1638 995 1700 παίζειν
1015 1636 1104 1690 καὶ
1124 1634 1244 1705 οὐχὶ
1265 1637 1695 1703 ἐσπουδακέναι;

183 1719 333 1770 ΦΑΙ.
387 1718 702 1787 Μηδαμῶς,
724 1710 768 1772 m*
786 1718 1098 1787 Σώκρατες,
1118 1715 1239 1773 ἀλλ’
1267 1716 1340 1784 ὡς
1359 1717 1585 1790 ἀληθῶς
1603 1719 1717 1775 εἰπὲ
1748 1726 1782 1767 Ε

40 1797 180 1867 πρὸς
210 1797 347 1862 Διὸς
382 1804 600 1868 φιλιόυ,
639 1806 741 1854 οἴει
778 1799 849 1854 ἄν
868 1821 989 1853 τινα
1030 1804 1173 1869 ἔχειν
1204 1804 1377 1855 εἰπεῖν
1407 1800 1579 1858 ἄλλον
1607 1808 1720 1857 τῶν

47 1881 312 1950 Ελλήνων
339 1880 496 1948 ἕτερα
524 1880 740 1935 τούτων
766 1886 927 1952 μείζω
956 1885 1047 1937 καὶ
1077 1888 1246 1938 πλείω
1277 1884 1400 1950 περὶ
1425 1889 1527 1938 τοῦ
1546 1882 1719 1939 αὐτοῦ

38 1963 382 2033 πράγματος;

181 2048 307 2101 ΣΩ.
365 2050 434 2100 Τί
466 2048 552 2111 δέ;
594 2046 683 2101 καὶ
713 2045 886 2118 ταύτῃ
915 2051 1000 2102 δεῖ
1025 2044 1124 2102 ὑπ’
1147 2049 1286 2117 ἐμοῦ
1311 2068 1368 2101 τε
1388 2048 1478 2101 καὶ
1499 2053 1605 2101 σοῦ
1623 2067 1721 2102 τον

45 2125 212 2196 λόγον
231 2127 623 2197 ἐπαινεθῆναι,
658 2125 732 2192 ὠς
749 2126 814 2183 τὰ
836 2131 1030 2184 δέοντα
1052 2128 1334 2199 εἰρηκότος
1351 2135 1453 2183 τοῦ
1472 2136 1720 2199 ποιητοῦ,

3 2247 10 2279 5
37 2205 160 2263 ἀλλ’
186 2205 290 2263 οὐκ
309 2211 488 2282 ἐκείνῃ
506 2209 699 2281 μόνον,
722 2210 806 2267 ὅτι
827 2218 979 2282 σαφῆ
997 2213 1086 2266 καὶ
1106 2209 1435 2281 στρογγύλα,
1455 2212 1547 2267 καὶ
1563 2210 1722 2280 άκρι-

3 2292 152 2364 ξβῶς
181 2288 381 2344 ἕκαστα
411 2297 524 2345 τῶν
553 2290 844 2362 ὀνομάτων
873 2292 1363 2364 ἄποτετόρνευται;
1396 2299 1446 2349 εἰ
1477 2291 1584 2364 γὰρ
1622 2298 1719 2363 δεῖ,

4 2384 10 2396 ¹
27 2377 429 2444 συγχωρητέον
447 2374 610 2444 χάριν
629 2376 760 2446 σήν,
799 2378 915 2432 ἐπεὶ
934 2379 1030 2446 ἐμέ
1044 2398 1105 2446 γε
1125 2381 1328 2432 ἔλαθεν
1347 2374 1454 2432 ὑπὸ
1477 2384 1572 2448 τῆς
1590 2379 1721 2448 ἐμῆς

15 2457 308 2527 ούδενίας.
365 2463 442 2512 τῶ
467 2456 575 2527 γὰρ
607 2461 878 2532 ῥητορικῷ
899 2457 1074 2514 αὐτοῦ
1092 2458 1246 2532 μόνω
1265 2457 1364 2515 τὸν
1384 2464 1525 2514 νοῦν
1546 2476 1722 2527 προσ-
1751 2464 1836 2509 235

20 2550 218 2610 ωῖχον,
257 2546 420 2595 τοῦτο
452 2540 509 2595 δὲ
530 2538 661 2596 οὐδὲ
681 2539 856 2596 αὐτὸν
875 2539 1032 2615 ω’μην
1050 2546 1268 2597 Λυσίαν
1285 2545 1548 2598 οἴεσθαι
1524 2563 1720 2598 ικανον

44 2619 196 2677 εἶναι.
237 2622 328 2676 καὶ
349 2614 454 2676 οὖν
474 2642 566 2692 μοι
586 2625 800 2692 ἔδοξεν,
823 2644 866 2677 ω
889 2627 1123 2693 Φαῖδρε,
1155 2629 1205 2680 εἰ
1219 2622 1294 2726 μη
1315 2645 1366 2678 τι
1386 2622 1457 2678 σύ
1478 2623 1612 2679 ἄλλο
1634 2626 1723 2678 λε’-

32 2709 181 2774 ῗγεις,
202 2706 284 2768 δὶς
303 2706 393 2758 καὶ
412 2706 526 2773 τρὶς
544 2707 609 2760 τὰ
630 2704 770 2761 αὐτὰ
791 2708 1092 2778 εἰρηκέναι,
1114 2729 1189 2773 ως
1207 2706 1277 2762 ου’
1296 2706 1447 2762 πάνυ
1469 2704 1723 2775 εὐπορῶν

39 2789 141 2839 τοῦ
178 2785 352 2841 πολλα
394 2788 574 2857 λέγειν
615 2790 738 2856 περὶ
774 2795 874 2843 τοῦ
904 2786 1106 2860 αὐτοῦ,
1146 2786 1182 2861 ἢ
1219 2798 1349 2853 ἴσως
1379 2785 1544 2843 οὐδὲν
1573 2786 1723 2861 αύτῷ

1383 2865 1469 2913 14*
