<?xml version="1.0" encoding="UTF-8"?>
<!DOCTYPE html PUBLIC "-//W3C//DTD XHTML 1.0 Transitional//EN"
    "http://www.w3.org/TR/xhtml1/DTD/xhtml1-transitional.dtd">
<html xmlns="http://www.w3.org/1999/xhtml" xml:lang="en" lang="en">
 <head>
  <title>
</title>
<meta http-equiv="Content-Type" content="text/html;charset=utf-8" />
  <meta name='ocr-system' content='tesseract 3.04.00' />
  <meta name='ocr-capabilities' content='ocr_page ocr_carea ocr_par ocr_line ocrx_word'/>
</head>
<body>
  <div class='ocr_page' id='page_1' title='image "./dialogisecumdumt02platuoft_0018.png"; bbox 0 0 2028 3198; ppageno 0'>
   <div class='ocr_carea' id='block_1_1' title="bbox 191 86 1354 135">
    <p class='ocr_par' dir='ltr' id='par_1_1' title="bbox 191 86 1354 135">
     <span class='ocr_line' id='line_1_1' title="bbox 191 86 1354 135; baseline -0.002 -1"><span class='ocrx_word' id='word_1_1' title='bbox 191 104 264 135; x_wconf 75' lang='lat' dir='ltr'><strong>xiv</strong></span> <span class='ocrx_word' id='word_1_2' title='bbox 885 90 1283 132; x_wconf 75' lang='lat' dir='ltr'><strong>PRAEFATio.</strong></span> <span class='ocrx_word' id='word_1_3' title='bbox 1344 86 1354 93; x_wconf 81' lang='grc'><strong><em>’</em></strong></span> 
     </span>
    </p>
   </div>
   <div class='ocr_carea' id='block_1_2' title="bbox 182 204 1972 271">
    <p class='ocr_par' dir='ltr' id='par_1_2' title="bbox 182 204 1972 271">
     <span class='ocr_line' id='line_1_2' title="bbox 182 204 1972 271; baseline 0 -23"><span class='ocrx_word' id='word_1_4' title='bbox 182 219 309 260; x_wconf 86' lang='lat' dir='ltr'><strong>quam</strong></span> <span class='ocrx_word' id='word_1_5' title='bbox 340 206 538 260; x_wconf 76' lang='lat' dir='ltr'><strong>vulgatae</strong></span> <span class='ocrx_word' id='word_1_6' title='bbox 564 205 744 258; x_wconf 87' lang='lat' dir='ltr'><strong>vestigia</strong></span> <span class='ocrx_word' id='word_1_7' title='bbox 774 205 1115 245; x_wconf 81' lang='lat' dir='ltr'>circumscribere</span> <span class='ocrx_word' id='word_1_8' title='bbox 1145 217 1272 257; x_wconf 86' lang='lat' dir='ltr'><strong>quam</strong></span> <span class='ocrx_word' id='word_1_9' title='bbox 1301 204 1445 245; x_wconf 89' lang='lat' dir='ltr'><strong>tollere</strong></span> <span class='ocrx_word' id='word_1_10' title='bbox 1475 205 1629 254; x_wconf 86' lang='lat' dir='ltr'><strong>malui,</strong></span> <span class='ocrx_word' id='word_1_11' title='bbox 1661 207 1772 271; x_wconf 46' lang='lat' dir='ltr'><strong>quia&#39;</strong></span> <span class='ocrx_word' id='word_1_12' title='bbox 1793 206 1972 248; x_wconf 80' lang='lat' dir='ltr'><strong>fortasse</strong></span> 
     </span>
    </p>
   </div>
   <div class='ocr_carea' id='block_1_3' title="bbox 106 260 1970 316">
    <p class='ocr_par' dir='ltr' id='par_1_3' title="bbox 106 260 1970 316">
     <span class='ocr_line' id='line_1_3' title="bbox 106 260 1970 316; baseline -0.002 -9"><span class='ocrx_word' id='word_1_13' title='bbox 106 305 112 307; x_wconf 13' lang='lat' dir='ltr'><strong>a</strong></span> <span class='ocrx_word' id='word_1_14' title='bbox 183 266 307 306; x_wconf 86' lang='lat' dir='ltr'><strong>etiam</strong></span> <span class='ocrx_word' id='word_1_15' title='bbox 340 264 458 305; x_wconf 84' lang='lat' dir='ltr'><strong>aliud</strong></span> <span class='ocrx_word' id='word_1_16' title='bbox 488 264 530 303; x_wconf 89' lang='lat' dir='ltr'><strong>in</strong></span> <span class='ocrx_word' id='word_1_17' title='bbox 565 263 648 302; x_wconf 87' lang='lat' dir='ltr'><strong>illis</strong></span> <span class='ocrx_word' id='word_1_18' title='bbox 680 262 796 314; x_wconf 87' lang='lat' dir='ltr'><strong>latet,</strong></span> <span class='ocrx_word' id='word_1_19' title='bbox 830 273 964 312; x_wconf 90' lang='lat' dir='ltr'><strong>neque</strong></span> <span class='ocrx_word' id='word_1_20' title='bbox 994 273 1241 316; x_wconf 83' lang='lat' dir='ltr'>repugnem,</span> <span class='ocrx_word' id='word_1_21' title='bbox 1275 263 1314 302; x_wconf 90' lang='lat' dir='ltr'><strong>si</strong></span> <span class='ocrx_word' id='word_1_22' title='bbox 1343 263 1438 314; x_wconf 88' lang='lat' dir='ltr'><strong>quis</strong></span> <span class='ocrx_word' id='word_1_23' title='bbox 1462 260 1595 302; x_wconf 82' lang='grc' dir='ltr'><strong><em>τοῦτο</em></strong></span> <span class='ocrx_word' id='word_1_24' title='bbox 1622 263 1666 303; x_wconf 91' lang='lat' dir='ltr'><strong>in</strong></span> <span class='ocrx_word' id='word_1_25' title='bbox 1688 274 1854 304; x_wconf 82' lang='grc' dir='ltr'><strong><em>τουτου</em></strong></span> <span class='ocrx_word' id='word_1_26' title='bbox 1880 277 1970 306; x_wconf 87' lang='lat' dir='ltr'><strong>mu-</strong></span> 
     </span>
    </p>
   </div>
   <div class='ocr_carea' id='block_1_4' title="bbox 116 317 1972 2851">
    <p class='ocr_par' dir='ltr' id='par_1_4' title="bbox 116 317 1972 1468">
     <span class='ocr_line' id='line_1_4' title="bbox 183 317 1972 376; baseline 0 -14"><span class='ocrx_word' id='word_1_27' title='bbox 183 328 314 363; x_wconf 86' lang='lat' dir='ltr'><strong>tatum</strong></span> <span class='ocrx_word' id='word_1_28' title='bbox 344 326 524 364; x_wconf 85' lang='lat' dir='ltr'><strong>tueatur.</strong></span> <span class='ocrx_word' id='word_1_29' title='bbox 585 317 750 360; x_wconf 76' lang='grc' dir='ltr'><strong><em>Φιλίαν</em></strong></span> <span class='ocrx_word' id='word_1_30' title='bbox 786 324 949 360; x_wconf 83' lang='lat' dir='ltr'><strong>tantum</strong></span> <span class='ocrx_word' id='word_1_31' title='bbox 991 331 1040 359; x_wconf 80' lang='lat' dir='ltr'><strong>eo</strong></span> <span class='ocrx_word' id='word_1_32' title='bbox 1080 320 1216 360; x_wconf 89' lang='lat' dir='ltr'><strong>acrius</strong></span> <span class='ocrx_word' id='word_1_33' title='bbox 1256 320 1440 374; x_wconf 83' lang='lat' dir='ltr'><strong>retineo,</strong></span> <span class='ocrx_word' id='word_1_34' title='bbox 1484 333 1566 372; x_wconf 92' lang='lat' dir='ltr'><strong>quo</strong></span> <span class='ocrx_word' id='word_1_35' title='bbox 1598 320 1865 362; x_wconf 81' lang='lat' dir='ltr'><strong>manifestius</strong></span> <span class='ocrx_word' id='word_1_36' title='bbox 1894 334 1972 376; x_wconf 87' lang='lat' dir='ltr'><strong>per</strong></span> 
     </span>
     <span class='ocr_line' id='line_1_5' title="bbox 181 376 1970 430; baseline 0 -10"><span class='ocrx_word' id='word_1_37' title='bbox 181 385 312 420; x_wconf 87' lang='lat' dir='ltr'><strong>totam</strong></span> <span class='ocrx_word' id='word_1_38' title='bbox 342 377 451 419; x_wconf 87' lang='lat' dir='ltr'><strong>hanc</strong></span> <span class='ocrx_word' id='word_1_39' title='bbox 483 378 713 418; x_wconf 84' lang='lat' dir='ltr'><strong>orationem</strong></span> <span class='ocrx_word' id='word_1_40' title='bbox 743 376 789 417; x_wconf 91' lang='lat' dir='ltr'><strong>id</strong></span> <span class='ocrx_word' id='word_1_41' title='bbox 818 376 1047 417; x_wconf 81' lang='lat' dir='ltr'>Pausanias</span> <span class='ocrx_word' id='word_1_42' title='bbox 1076 377 1189 428; x_wconf 78' lang='lat' dir='ltr'><strong>agit,</strong></span> <span class='ocrx_word' id='word_1_43' title='bbox 1227 383 1273 418; x_wconf 89' lang='lat' dir='ltr'><strong>ut</strong></span> <span class='ocrx_word' id='word_1_44' title='bbox 1301 390 1527 430; x_wconf 88' lang='lat' dir='ltr'><strong>puerorum</strong></span> <span class='ocrx_word' id='word_1_45' title='bbox 1560 390 1724 420; x_wconf 88' lang='lat' dir='ltr'><strong>amores</strong></span> <span class='ocrx_word' id='word_1_46' title='bbox 1757 379 1814 420; x_wconf 82' lang='lat' dir='ltr'><strong>ad</strong></span> <span class='ocrx_word' id='word_1_47' title='bbox 1842 378 1970 420; x_wconf 90' lang='lat' dir='ltr'><strong>hone-</strong></span> 
     </span>
     <span class='ocr_line' id='line_1_6' title="bbox 181 434 1966 489; baseline -0.001 -12"><span class='ocrx_word' id='word_1_48' title='bbox 181 443 289 477; x_wconf 82' lang='lat' dir='ltr'><strong>stam</strong></span> <span class='ocrx_word' id='word_1_49' title='bbox 328 436 536 476; x_wconf 82' lang='lat' dir='ltr'><strong>amicitiae</strong></span> <span class='ocrx_word' id='word_1_50' title='bbox 575 435 759 487; x_wconf 86' lang='lat' dir='ltr'><strong>specicm</strong></span> <span class='ocrx_word' id='word_1_51' title='bbox 791 439 980 481; x_wconf 54' lang='lat' dir='ltr'><strong>revocem</strong></span> <span class='ocrx_word' id='word_1_52' title='bbox 1025 434 1259 486; x_wconf 88' lang='lat' dir='ltr'><strong>eodemque</strong></span> <span class='ocrx_word' id='word_1_53' title='bbox 1293 434 1486 489; x_wconf 87' lang='lat' dir='ltr'><strong>exemplo</strong></span> <span class='ocrx_word' id='word_1_54' title='bbox 1517 436 1701 488; x_wconf 87' lang='lat' dir='ltr'><strong>perfidus</strong></span> <span class='ocrx_word' id='word_1_55' title='bbox 1734 442 1895 477; x_wconf 88' lang='lat' dir='ltr'><strong>amator</strong></span> <span class='ocrx_word' id='word_1_56' title='bbox 1925 437 1966 477; x_wconf 91' lang='lat' dir='ltr'><strong>in</strong></span> 
     </span>
     <span class='ocr_line' id='line_1_7' title="bbox 181 490 1967 547; baseline 0 -13"><span class='ocrx_word' id='word_1_57' title='bbox 181 493 370 535; x_wconf 85' lang='lat' dir='ltr'><strong>Phaedro</strong></span> <span class='ocrx_word' id='word_1_58' title='bbox 404 507 439 533; x_wconf 93' lang='lat' dir='ltr'><strong>c.</strong></span> <span class='ocrx_word' id='word_1_59' title='bbox 474 490 607 535; x_wconf 84' lang='grc'><strong>6-8</strong></span> <span class='ocrx_word' id='word_1_60' title='bbox 638 504 720 532; x_wconf 90' lang='lat' dir='ltr'><strong>non</strong></span> <span class='ocrx_word' id='word_1_61' title='bbox 755 503 895 532; x_wconf 87' lang='lat' dir='ltr'><strong>amare</strong></span> <span class='ocrx_word' id='word_1_62' title='bbox 932 503 977 531; x_wconf 90' lang='lat' dir='ltr'><strong>se</strong></span> <span class='ocrx_word' id='word_1_63' title='bbox 1019 492 1225 532; x_wconf 85' lang='lat' dir='ltr'><strong>simulans</strong></span> <span class='ocrx_word' id='word_1_64' title='bbox 1262 498 1428 546; x_wconf 85' lang='lat' dir='ltr'><strong>turpem</strong></span> <span class='ocrx_word' id='word_1_65' title='bbox 1460 493 1734 546; x_wconf 78' lang='lat' dir='ltr'><strong>cupiditatem</strong></span> <span class='ocrx_word' id='word_1_66' title='bbox 1771 495 1967 547; x_wconf 83' lang='lat' dir='ltr'><strong>specioso</strong></span> 
     </span>
     <span class='ocr_line' id='line_1_8' title="bbox 181 541 1967 604; baseline 0 -13"><span class='ocrx_word' id='word_1_67' title='bbox 181 550 342 604; x_wconf 74' lang='grc' dir='ltr'><strong><em>φιλίας</em></strong></span> <span class='ocrx_word' id='word_1_68' title='bbox 372 548 575 591; x_wconf 83' lang='lat' dir='ltr'><strong>vocabulo</strong></span> <span class='ocrx_word' id='word_1_69' title='bbox 605 549 811 590; x_wconf 87' lang='lat' dir='ltr'><strong>occultare</strong></span> <span class='ocrx_word' id='word_1_70' title='bbox 843 549 995 590; x_wconf 84' lang='lat' dir='ltr'><strong>studet.</strong></span> <span class='ocrx_word' id='word_1_71' title='bbox 1025 574 1077 579; x_wconf 85' lang='lat'><strong>——</strong></span> <span class='ocrx_word' id='word_1_72' title='bbox 1108 551 1154 590; x_wconf 90' lang='lat' dir='ltr'><strong>P.</strong></span> <span class='ocrx_word' id='word_1_73' title='bbox 1182 547 1266 591; x_wconf 87' lang='grc'><strong>183</strong></span> <span class='ocrx_word' id='word_1_74' title='bbox 1289 550 1322 590; x_wconf 91' lang='grc' dir='ltr'><strong>Β</strong></span> <span class='ocrx_word' id='word_1_75' title='bbox 1353 544 1495 590; x_wconf 72' lang='grc' dir='ltr'><strong><em>αὐτοῦ</em></strong></span> <span class='ocrx_word' id='word_1_76' title='bbox 1522 563 1598 603; x_wconf 88' lang='lat' dir='ltr'><strong>pro</strong></span> <span class='ocrx_word' id='word_1_77' title='bbox 1630 541 1782 590; x_wconf 74' lang='grc' dir='ltr'><strong><em>αὐτῶν</em></strong></span> <span class='ocrx_word' id='word_1_78' title='bbox 1813 551 1967 602; x_wconf 86' lang='lat' dir='ltr'><strong>requiri</strong></span> 
     </span>
     <span class='ocr_line' id='line_1_9' title="bbox 175 597 1968 663; baseline -0.001 -13"><span class='ocrx_word' id='word_1_79' title='bbox 175 611 264 663; x_wconf 86' lang='lat' dir='ltr'><strong>jam</strong></span> <span class='ocrx_word' id='word_1_80' title='bbox 297 607 474 649; x_wconf 85' lang='lat' dir='ltr'><strong>Orellius</strong></span> <span class='ocrx_word' id='word_1_81' title='bbox 506 619 615 660; x_wconf 90' lang='lat' dir='ltr'><strong>pone</strong></span> <span class='ocrx_word' id='word_1_82' title='bbox 646 607 774 647; x_wconf 84' lang='lat' dir='ltr'><strong>Isocr.</strong></span> <span class='ocrx_word' id='word_1_83' title='bbox 808 618 858 650; x_wconf 84' lang='grc' dir='ltr'><strong>π.</strong></span> <span class='ocrx_word' id='word_1_84' title='bbox 895 597 1046 647; x_wconf 65' lang='lat' dir='ltr'><strong>ohad.</strong></span> <span class='ocrx_word' id='word_1_85' title='bbox 1082 620 1126 661; x_wconf 87' lang='lat' dir='ltr'><strong>p.</strong></span> <span class='ocrx_word' id='word_1_86' title='bbox 1155 605 1241 649; x_wconf 78' lang='lat'><strong>327</strong></span> <span class='ocrx_word' id='word_1_87' title='bbox 1272 607 1378 648; x_wconf 83' lang='lat' dir='ltr'><strong>vidit</strong></span> <span class='ocrx_word' id='word_1_88' title='bbox 1409 608 1535 660; x_wconf 88' lang='lat' dir='ltr'><strong>idque</strong></span> <span class='ocrx_word' id='word_1_89' title='bbox 1566 608 1630 649; x_wconf 90' lang='lat' dir='ltr'><strong>vel</strong></span> <span class='ocrx_word' id='word_1_90' title='bbox 1673 609 1814 649; x_wconf 91' lang='lat' dir='ltr'><strong>invitis</strong></span> <span class='ocrx_word' id='word_1_91' title='bbox 1850 608 1968 649; x_wconf 90' lang='lat' dir='ltr'><strong>libris</strong></span> 
     </span>
     <span class='ocr_line' id='line_1_10' title="bbox 181 663 1965 720; baseline -0.001 -13"><span class='ocrx_word' id='word_1_92' title='bbox 181 666 363 720; x_wconf 77' lang='lat' dir='ltr'><strong>reposui,</strong></span> <span class='ocrx_word' id='word_1_93' title='bbox 394 665 494 716; x_wconf 85' lang='lat' dir='ltr'><strong>quia</strong></span> <span class='ocrx_word' id='word_1_94' title='bbox 525 663 727 719; x_wconf 82' lang='lat' dir='ltr'><strong>enallage,</strong></span> <span class='ocrx_word' id='word_1_95' title='bbox 760 677 844 715; x_wconf 85' lang='lat' dir='ltr'><strong>qua</strong></span> <span class='ocrx_word' id='word_1_96' title='bbox 873 663 963 704; x_wconf 87' lang='lat' dir='ltr'><strong>sola</strong></span> <span class='ocrx_word' id='word_1_97' title='bbox 993 664 1196 718; x_wconf 85' lang='lat' dir='ltr'><strong>pluralem</strong></span> <span class='ocrx_word' id='word_1_98' title='bbox 1222 663 1392 705; x_wconf 82' lang='lat' dir='ltr'><strong>defendi</strong></span> <span class='ocrx_word' id='word_1_99' title='bbox 1415 677 1544 718; x_wconf 89' lang='lat' dir='ltr'><strong>posse</strong></span> <span class='ocrx_word' id='word_1_100' title='bbox 1568 663 1715 708; x_wconf 83' lang='lat' dir='ltr'><strong>Stallb.</strong></span> <span class='ocrx_word' id='word_1_101' title='bbox 1745 665 1965 715; x_wconf 81' lang='lat' dir='ltr'><strong>intellexit,</strong></span> 
     </span>
     <span class='ocr_line' id='line_1_11' title="bbox 179 721 1967 790; baseline -0.001 -26"><span class='ocrx_word' id='word_1_102' title='bbox 179 731 238 764; x_wconf 90' lang='lat' dir='ltr'><strong>tot</strong></span> <span class='ocrx_word' id='word_1_103' title='bbox 268 721 555 776; x_wconf 81' lang='lat' dir='ltr'><strong>singularibus</strong></span> <span class='ocrx_word' id='word_1_104' title='bbox 590 722 846 776; x_wconf 83' lang='lat' dir='ltr'><strong>antegressis</strong></span> <span class='ocrx_word' id='word_1_105' title='bbox 877 733 1051 790; x_wconf 77' lang='lat' dir='ltr'><strong>prorsus</strong></span> <span class='ocrx_word' id='word_1_106' title='bbox 1083 722 1329 763; x_wconf 82' lang='lat' dir='ltr'><strong>inconcinna</strong></span> <span class='ocrx_word' id='word_1_107' title='bbox 1362 722 1490 771; x_wconf 81' lang='lat' dir='ltr'><strong>foret;</strong></span> <span class='ocrx_word' id='word_1_108' title='bbox 1532 723 1680 763; x_wconf 90' lang='lat' dir='ltr'><strong>eodem</strong></span> <span class='ocrx_word' id='word_1_109' title='bbox 1721 729 1861 763; x_wconf 86' lang='lat' dir='ltr'><strong>autem</strong></span> <span class='ocrx_word' id='word_1_110' title='bbox 1892 735 1967 763; x_wconf 91' lang='lat' dir='ltr'><strong>au-</strong></span> 
     </span>
     <span class='ocr_line' id='line_1_12' title="bbox 179 770 1965 834; baseline -0.001 -11"><span class='ocrx_word' id='word_1_111' title='bbox 179 790 292 823; x_wconf 88' lang='lat' dir='ltr'><strong>ctore</strong></span> <span class='ocrx_word' id='word_1_112' title='bbox 320 792 363 834; x_wconf 89' lang='lat' dir='ltr'><strong>p.</strong></span> <span class='ocrx_word' id='word_1_113' title='bbox 397 777 480 822; x_wconf 85' lang='lat'><strong>183</strong></span> <span class='ocrx_word' id='word_1_114' title='bbox 513 778 544 820; x_wconf 87' lang='lat' dir='ltr'>C</span> <span class='ocrx_word' id='word_1_115' title='bbox 581 772 690 826; x_wconf 81' lang='grc' dir='ltr'><strong><em>τοὺς</em></strong></span> <span class='ocrx_word' id='word_1_116' title='bbox 727 772 922 831; x_wconf 79' lang='grc' dir='ltr'><strong><em>ἐραστας</em></strong></span> <span class='ocrx_word' id='word_1_117' title='bbox 960 791 1035 833; x_wconf 86' lang='lat' dir='ltr'><strong>pro</strong></span> <span class='ocrx_word' id='word_1_118' title='bbox 1073 780 1173 826; x_wconf 81' lang='grc' dir='ltr'><strong><em>τοῖς</em></strong></span> <span class='ocrx_word' id='word_1_119' title='bbox 1211 770 1428 831; x_wconf 77' lang='grc' dir='ltr'><strong><em>ἐρασταῖς</em></strong></span> <span class='ocrx_word' id='word_1_120' title='bbox 1465 780 1642 833; x_wconf 86' lang='lat' dir='ltr'><strong>scripsi,</strong></span> <span class='ocrx_word' id='word_1_121' title='bbox 1687 781 1787 831; x_wconf 87' lang='lat' dir='ltr'><strong>quia</strong></span> <span class='ocrx_word' id='word_1_122' title='bbox 1818 777 1965 821; x_wconf 75' lang='grc' dir='ltr'><strong><em>διαλέ-</em></strong></span> 
     </span>
     <span class='ocr_line' id='line_1_13' title="bbox 178 837 1967 892; baseline -0.001 -12"><span class='ocrx_word' id='word_1_123' title='bbox 178 837 345 892; x_wconf 75' lang='grc' dir='ltr'><strong><em>γεσθαι</em></strong></span> <span class='ocrx_word' id='word_1_124' title='bbox 377 837 563 879; x_wconf 88' lang='lat' dir='ltr'><strong>solemne</strong></span> <span class='ocrx_word' id='word_1_125' title='bbox 597 845 660 878; x_wconf 86' lang='lat' dir='ltr'><strong>est</strong></span> <span class='ocrx_word' id='word_1_126' title='bbox 700 838 751 878; x_wconf 87' lang='lat' dir='ltr'><strong>de</strong></span> <span class='ocrx_word' id='word_1_127' title='bbox 794 844 1003 890; x_wconf 85' lang='lat' dir='ltr'><strong>amatore,</strong></span> <span class='ocrx_word' id='word_1_128' title='bbox 1047 838 1118 888; x_wconf 89' lang='lat' dir='ltr'><strong>qui</strong></span> <span class='ocrx_word' id='word_1_129' title='bbox 1159 849 1336 890; x_wconf 89' lang='lat' dir='ltr'><strong>puerum</strong></span> <span class='ocrx_word' id='word_1_130' title='bbox 1377 837 1647 878; x_wconf 86' lang='lat' dir='ltr'><strong>mulieremve</strong></span> <span class='ocrx_word' id='word_1_131' title='bbox 1675 843 1806 877; x_wconf 84' lang='lat' dir='ltr'><strong>tentat</strong></span> <span class='ocrx_word' id='word_1_132' title='bbox 1840 845 1879 878; x_wconf 87' lang='lat' dir='ltr'><strong>et</strong></span> <span class='ocrx_word' id='word_1_133' title='bbox 1913 838 1967 878; x_wconf 87' lang='lat' dir='ltr'><strong>ad</strong></span> 
     </span>
     <span class='ocr_line' id='line_1_14' title="bbox 179 894 1964 949; baseline -0.002 -11"><span class='ocrx_word' id='word_1_134' title='bbox 179 895 523 938; x_wconf 86' lang='lat' dir='ltr'><strong>consuetudinem</strong></span> <span class='ocrx_word' id='word_1_135' title='bbox 560 901 835 948; x_wconf 80' lang='lat' dir='ltr'><strong>stuprumque</strong></span> <span class='ocrx_word' id='word_1_136' title='bbox 876 895 1074 948; x_wconf 83' lang='lat' dir='ltr'><strong>pellicere</strong></span> <span class='ocrx_word' id='word_1_137' title='bbox 1114 901 1308 943; x_wconf 62' lang='lat' dir='ltr'><strong>conatum</strong></span> <span class='ocrx_word' id='word_1_138' title='bbox 1352 895 1407 938; x_wconf 81' lang='lat' dir='ltr'><strong>cf.</strong></span> <span class='ocrx_word' id='word_1_139' title='bbox 1439 896 1574 949; x_wconf 88' lang='lat' dir='ltr'><strong>Intpp.</strong></span> <span class='ocrx_word' id='word_1_140' title='bbox 1608 894 1826 948; x_wconf 87' lang='lat' dir='ltr'><strong>Aristoph.</strong></span> <span class='ocrx_word' id='word_1_141' title='bbox 1857 895 1964 935; x_wconf 89' lang='lat' dir='ltr'><strong>Plut.</strong></span> 
     </span>
     <span class='ocr_line' id='line_1_15' title="bbox 180 950 1966 1005; baseline -0.003 -8"><span class='ocrx_word' id='word_1_142' title='bbox 180 952 294 997; x_wconf 88' lang='grc'>1089</span> <span class='ocrx_word' id='word_1_143' title='bbox 324 960 364 994; x_wconf 80' lang='lat' dir='ltr'><strong>et</strong></span> <span class='ocrx_word' id='word_1_144' title='bbox 394 953 581 994; x_wconf 86' lang='lat' dir='ltr'><strong>Pierson.</strong></span> <span class='ocrx_word' id='word_1_145' title='bbox 613 953 668 993; x_wconf 84' lang='lat' dir='ltr'><strong>ad</strong></span> <span class='ocrx_word' id='word_1_146' title='bbox 699 953 827 992; x_wconf 88' lang='lat' dir='ltr'><strong>Moer.</strong></span> <span class='ocrx_word' id='word_1_147' title='bbox 858 953 988 993; x_wconf 84' lang='lat' dir='ltr'><strong>Attio.</strong></span> <span class='ocrx_word' id='word_1_148' title='bbox 1023 964 1063 1005; x_wconf 89' lang='lat' dir='ltr'><strong>p.</strong></span> <span class='ocrx_word' id='word_1_149' title='bbox 1098 950 1196 994; x_wconf 83' lang='lat'><strong>131.</strong></span> <span class='ocrx_word' id='word_1_150' title='bbox 1261 952 1419 993; x_wconf 90' lang='lat' dir='ltr'><strong>Locum</strong></span> <span class='ocrx_word' id='word_1_151' title='bbox 1461 953 1526 993; x_wconf 90' lang='lat' dir='ltr'><strong>vel</strong></span> <span class='ocrx_word' id='word_1_152' title='bbox 1568 953 1610 993; x_wconf 90' lang='lat' dir='ltr'><strong>in</strong></span> <span class='ocrx_word' id='word_1_153' title='bbox 1645 954 1815 1005; x_wconf 85' lang='lat' dir='ltr'><strong>optimis</strong></span> <span class='ocrx_word' id='word_1_154' title='bbox 1849 952 1966 994; x_wconf 85' lang='lat' dir='ltr'><strong>libris</strong></span> 
     </span>
     <span class='ocr_line' id='line_1_16' title="bbox 180 997 1964 1065; baseline -0.002 -12"><span class='ocrx_word' id='word_1_155' title='bbox 180 1012 287 1053; x_wconf 87' lang='lat' dir='ltr'><strong>male</strong></span> <span class='ocrx_word' id='word_1_156' title='bbox 323 1010 515 1052; x_wconf 88' lang='lat' dir='ltr'><strong>habitum</strong></span> <span class='ocrx_word' id='word_1_157' title='bbox 561 1022 654 1051; x_wconf 89' lang='lat' dir='ltr'><strong>esse</strong></span> <span class='ocrx_word' id='word_1_158' title='bbox 688 1011 812 1051; x_wconf 85' lang='lat' dir='ltr'><strong>ctiam</strong></span> <span class='ocrx_word' id='word_1_159' title='bbox 853 1004 999 1062; x_wconf 79' lang='grc' dir='ltr'><strong><em>ἕτεροι</em></strong></span> <span class='ocrx_word' id='word_1_160' title='bbox 1032 1022 1108 1063; x_wconf 89' lang='lat' dir='ltr'><strong>pro</strong></span> <span class='ocrx_word' id='word_1_161' title='bbox 1143 1001 1318 1062; x_wconf 67' lang='grc' dir='ltr'><strong><em>ἑταῖροι</em></strong></span> <span class='ocrx_word' id='word_1_162' title='bbox 1359 1017 1398 1050; x_wconf 92' lang='lat' dir='ltr'><strong>et</strong></span> <span class='ocrx_word' id='word_1_163' title='bbox 1429 1003 1479 1049; x_wconf 79' lang='grc' dir='ltr'><strong>οῖ</strong></span> <span class='ocrx_word' id='word_1_164' title='bbox 1505 1022 1581 1063; x_wconf 91' lang='lat' dir='ltr'><strong>pro</strong></span> <span class='ocrx_word' id='word_1_165' title='bbox 1617 997 1645 1065; x_wconf 82' lang='grc' dir='ltr'><strong><em>ᾖ</em></strong></span> <span class='ocrx_word' id='word_1_166' title='bbox 1677 1011 1718 1050; x_wconf 85' lang='grc' dir='ltr'><strong>ἰη</strong></span> <span class='ocrx_word' id='word_1_167' title='bbox 1753 1011 1964 1063; x_wconf 82' lang='lat' dir='ltr'><strong>plerisque</strong></span> 
     </span>
     <span class='ocr_line' id='line_1_17' title="bbox 179 1067 1965 1120; baseline -0.002 -9"><span class='ocrx_word' id='word_1_168' title='bbox 179 1069 385 1111; x_wconf 78' lang='lat' dir='ltr'><strong>exstantia</strong></span> <span class='ocrx_word' id='word_1_169' title='bbox 417 1069 666 1120; x_wconf 85' lang='lat' dir='ltr'><strong>ostendunt,</strong></span> <span class='ocrx_word' id='word_1_170' title='bbox 713 1080 891 1119; x_wconf 80' lang='lat' dir='ltr'><strong>quorum</strong></span> <span class='ocrx_word' id='word_1_171' title='bbox 931 1067 1140 1120; x_wconf 86' lang='lat' dir='ltr'><strong>posterius</strong></span> <span class='ocrx_word' id='word_1_172' title='bbox 1172 1067 1323 1108; x_wconf 90' lang='lat' dir='ltr'><strong>nollem</strong></span> <span class='ocrx_word' id='word_1_173' title='bbox 1353 1067 1601 1108; x_wconf 87' lang='lat' dir='ltr'><strong>Turicenses</strong></span> <span class='ocrx_word' id='word_1_174' title='bbox 1633 1080 1726 1108; x_wconf 90' lang='lat' dir='ltr'><strong>cum</strong></span> <span class='ocrx_word' id='word_1_175' title='bbox 1756 1067 1826 1107; x_wconf 91' lang='lat' dir='ltr'><strong>illo</strong></span> <span class='ocrx_word' id='word_1_176' title='bbox 1867 1080 1965 1108; x_wconf 88' lang='lat' dir='ltr'><strong>con-</strong></span> 
     </span>
     <span class='ocr_line' id='line_1_18' title="bbox 174 1123 1962 1181; baseline -0.002 -13"><span class='ocrx_word' id='word_1_177' title='bbox 174 1126 439 1181; x_wconf 79' lang='lat' dir='ltr'><strong>jungendum</strong></span> <span class='ocrx_word' id='word_1_178' title='bbox 475 1126 620 1179; x_wconf 84' lang='lat' dir='ltr'><strong>potius</strong></span> <span class='ocrx_word' id='word_1_179' title='bbox 660 1138 786 1176; x_wconf 85' lang='lat' dir='ltr'><strong>quam</strong></span> <span class='ocrx_word' id='word_1_180' title='bbox 824 1138 916 1165; x_wconf 87' lang='lat' dir='ltr'><strong>cum</strong></span> <span class='ocrx_word' id='word_1_181' title='bbox 948 1123 1052 1165; x_wconf 90' lang='lat' dir='ltr'><strong>VBS</strong></span> <span class='ocrx_word' id='word_1_182' title='bbox 1084 1125 1320 1178; x_wconf 84' lang='lat' dir='ltr'><strong>simplicem</strong></span> <span class='ocrx_word' id='word_1_183' title='bbox 1351 1126 1662 1177; x_wconf 87' lang='lat' dir='ltr'><strong>conjunctivum</strong></span> <span class='ocrx_word' id='word_1_184' title='bbox 1700 1125 1962 1166; x_wconf 86' lang='lat' dir='ltr'><strong>retinendum</strong></span> 
     </span>
     <span class='ocr_line' id='line_1_19' title="bbox 178 1175 1963 1236; baseline -0.003 -10"><span class='ocrx_word' id='word_1_185' title='bbox 178 1184 455 1226; x_wconf 83' lang='lat' dir='ltr'><strong>censuissent.</strong></span> <span class='ocrx_word' id='word_1_186' title='bbox 503 1183 587 1224; x_wconf 88' lang='lat' dir='ltr'><strong>Nec</strong></span> <span class='ocrx_word' id='word_1_187' title='bbox 618 1183 756 1235; x_wconf 87' lang='lat' dir='ltr'><strong>magis</strong></span> <span class='ocrx_word' id='word_1_188' title='bbox 780 1182 858 1223; x_wconf 91' lang='lat' dir='ltr'><strong>hos</strong></span> <span class='ocrx_word' id='word_1_189' title='bbox 886 1184 1007 1235; x_wconf 90' lang='lat' dir='ltr'><strong>sequi</strong></span> <span class='ocrx_word' id='word_1_190' title='bbox 1030 1183 1149 1235; x_wconf 89' lang='lat' dir='ltr'><strong>potui</strong></span> <span class='ocrx_word' id='word_1_191' title='bbox 1176 1195 1220 1236; x_wconf 89' lang='lat' dir='ltr'><strong>p.</strong></span> <span class='ocrx_word' id='word_1_192' title='bbox 1242 1181 1326 1226; x_wconf 84' lang='lat'><strong>183</strong></span> <span class='ocrx_word' id='word_1_193' title='bbox 1350 1182 1402 1231; x_wconf 91' lang='lat' dir='ltr'><strong>D,</strong></span> <span class='ocrx_word' id='word_1_194' title='bbox 1434 1183 1507 1222; x_wconf 87' lang='lat' dir='ltr'><strong>ubi</strong></span> <span class='ocrx_word' id='word_1_195' title='bbox 1529 1183 1745 1235; x_wconf 84' lang='lat' dir='ltr'><strong>vulgatam</strong></span> <span class='ocrx_word' id='word_1_196' title='bbox 1770 1175 1963 1234; x_wconf 80' lang='grc' dir='ltr'><strong><em>αἰσχρὸν</em></strong></span> 
     </span>
     <span class='ocr_line' id='line_1_20' title="bbox 177 1229 1962 1294; baseline -0.001 -12"><span class='ocrx_word' id='word_1_197' title='bbox 177 1236 261 1294; x_wconf 73' lang='grc' dir='ltr'><strong>μὲν</strong></span> <span class='ocrx_word' id='word_1_198' title='bbox 288 1229 374 1282; x_wconf 78' lang='grc' dir='ltr'><strong>οὖν</strong></span> <span class='ocrx_word' id='word_1_199' title='bbox 399 1254 581 1293; x_wconf 85' lang='lat' dir='ltr'><strong>moxque</strong></span> <span class='ocrx_word' id='word_1_200' title='bbox 613 1234 755 1280; x_wconf 78' lang='grc' dir='ltr'><strong><em>καλὸν</em></strong></span> <span class='ocrx_word' id='word_1_201' title='bbox 789 1234 838 1280; x_wconf 73' lang='grc' dir='ltr'><strong>δὲ</strong></span> <span class='ocrx_word' id='word_1_202' title='bbox 868 1242 974 1281; x_wconf 84' lang='lat' dir='ltr'><strong>tueri</strong></span> <span class='ocrx_word' id='word_1_203' title='bbox 1005 1251 1129 1291; x_wconf 88' lang='lat' dir='ltr'><strong>quam</strong></span> <span class='ocrx_word' id='word_1_204' title='bbox 1163 1253 1256 1280; x_wconf 88' lang='lat' dir='ltr'><strong>cum</strong></span> <span class='ocrx_word' id='word_1_205' title='bbox 1279 1238 1344 1280; x_wconf 91' lang='lat' dir='ltr'><strong>BS</strong></span> <span class='ocrx_word' id='word_1_206' title='bbox 1375 1233 1574 1292; x_wconf 78' lang='grc' dir='ltr'><strong><em>αἰσχρῶς</em></strong></span> <span class='ocrx_word' id='word_1_207' title='bbox 1606 1247 1645 1281; x_wconf 91' lang='lat' dir='ltr'><strong>et</strong></span> <span class='ocrx_word' id='word_1_208' title='bbox 1679 1238 1827 1287; x_wconf 74' lang='grc' dir='ltr'><strong><em>καλῶς</em></strong></span> <span class='ocrx_word' id='word_1_209' title='bbox 1857 1240 1962 1280; x_wconf 84' lang='lat' dir='ltr'><strong>reci-</strong></span> 
     </span>
     <span class='ocr_line' id='line_1_21' title="bbox 177 1296 1959 1354; baseline -0.002 -14"><span class='ocrx_word' id='word_1_210' title='bbox 177 1312 276 1354; x_wconf 84' lang='lat' dir='ltr'><strong>pere</strong></span> <span class='ocrx_word' id='word_1_211' title='bbox 310 1297 572 1347; x_wconf 84' lang='lat' dir='ltr'><strong>maluerunt,</strong></span> <span class='ocrx_word' id='word_1_212' title='bbox 614 1311 792 1350; x_wconf 90' lang='lat' dir='ltr'><strong>quorum</strong></span> <span class='ocrx_word' id='word_1_213' title='bbox 833 1300 951 1351; x_wconf 88' lang='lat' dir='ltr'><strong>prius</strong></span> <span class='ocrx_word' id='word_1_214' title='bbox 991 1305 1100 1338; x_wconf 84' lang='lat' dir='ltr'><strong>certe</strong></span> <span class='ocrx_word' id='word_1_215' title='bbox 1141 1298 1268 1338; x_wconf 87' lang='lat' dir='ltr'><strong>etiam</strong></span> <span class='ocrx_word' id='word_1_216' title='bbox 1307 1296 1444 1338; x_wconf 83' lang='lat' dir='ltr'><strong>Oxon.</strong></span> <span class='ocrx_word' id='word_1_217' title='bbox 1482 1297 1684 1348; x_wconf 87' lang='lat' dir='ltr'><strong>multique</strong></span> <span class='ocrx_word' id='word_1_218' title='bbox 1724 1297 1796 1338; x_wconf 82' lang='lat' dir='ltr'><strong>alii</strong></span> <span class='ocrx_word' id='word_1_219' title='bbox 1836 1297 1959 1338; x_wconf 85' lang='lat' dir='ltr'><strong>codd.</strong></span> 
     </span>
     <span class='ocr_line' id='line_1_22' title="bbox 178 1354 1959 1408; baseline -0.002 -10"><span class='ocrx_word' id='word_1_220' title='bbox 178 1357 492 1403; x_wconf 85' lang='lat' dir='ltr'><strong>commendant;</strong></span> <span class='ocrx_word' id='word_1_221' title='bbox 534 1356 723 1397; x_wconf 88' lang='lat' dir='ltr'><strong>adverbii</strong></span> <span class='ocrx_word' id='word_1_222' title='bbox 761 1357 1015 1396; x_wconf 84' lang='lat' dir='ltr'><strong>constructio</strong></span> <span class='ocrx_word' id='word_1_223' title='bbox 1058 1354 1244 1408; x_wconf 85' lang='lat' dir='ltr'><strong>elliptica</strong></span> <span class='ocrx_word' id='word_1_224' title='bbox 1279 1355 1426 1396; x_wconf 86' lang='lat' dir='ltr'><strong>eadem</strong></span> <span class='ocrx_word' id='word_1_225' title='bbox 1460 1361 1545 1402; x_wconf 85' lang='lat' dir='ltr'><strong>est,</strong></span> <span class='ocrx_word' id='word_1_226' title='bbox 1588 1367 1695 1406; x_wconf 87' lang='lat' dir='ltr'><strong>quae</strong></span> <span class='ocrx_word' id='word_1_227' title='bbox 1727 1354 1959 1408; x_wconf 71' lang='lat' dir='ltr'><strong>Euthyphr.</strong></span> 
     </span>
     <span class='ocr_line' id='line_1_23' title="bbox 116 1404 1960 1468; baseline -0.002 -13"><span class='ocrx_word' id='word_1_228' title='bbox 116 1465 118 1467; x_wconf 31' lang='grc'><strong>,</strong></span> <span class='ocrx_word' id='word_1_229' title='bbox 179 1428 221 1468; x_wconf 86' lang='lat' dir='ltr'><strong>p.</strong></span> <span class='ocrx_word' id='word_1_230' title='bbox 256 1414 284 1457; x_wconf 81' lang='lat'><strong>2</strong></span> <span class='ocrx_word' id='word_1_231' title='bbox 312 1414 368 1454; x_wconf 92' lang='lat' dir='ltr'><strong>D:</strong></span> <span class='ocrx_word' id='word_1_232' title='bbox 411 1405 569 1465; x_wconf 76' lang='grc' dir='ltr'><strong><em>ὀρθῶς</em></strong></span> <span class='ocrx_word' id='word_1_233' title='bbox 611 1406 698 1465; x_wconf 77' lang='grc' dir='ltr'><strong><em>γάρ</em></strong></span> <span class='ocrx_word' id='word_1_234' title='bbox 744 1404 836 1452; x_wconf 82' lang='grc' dir='ltr'><strong><em>ἐστι</em></strong></span> <span class='ocrx_word' id='word_1_235' title='bbox 878 1409 970 1451; x_wconf 74' lang='grc' dir='ltr'><strong>τῶν</strong></span> <span class='ocrx_word' id='word_1_236' title='bbox 1010 1406 1128 1452; x_wconf 84' lang='grc' dir='ltr'><strong><em>νέων</em></strong></span> <span class='ocrx_word' id='word_1_237' title='bbox 1169 1409 1354 1465; x_wconf 77' lang='grc' dir='ltr'><strong><em>πρῶτον</em></strong></span> <span class='ocrx_word' id='word_1_238' title='bbox 1395 1404 1762 1464; x_wconf 70' lang='grc' dir='ltr'><strong><em>ἐπιμεληθῆναιε</em></strong></span> <span class='ocrx_word' id='word_1_239' title='bbox 1809 1411 1960 1465; x_wconf 80' lang='lat' dir='ltr'><strong>Cratyl.</strong></span> 
     </span>
    </p>

    <p class='ocr_par' dir='ltr' id='par_1_5' title="bbox 174 1462 1963 2851">
     <span class='ocr_line' id='line_1_24' title="bbox 177 1462 1961 1525; baseline -0.003 -13"><span class='ocrx_word' id='word_1_240' title='bbox 177 1484 218 1525; x_wconf 91' lang='lat' dir='ltr'><strong>p.</strong></span> <span class='ocrx_word' id='word_1_241' title='bbox 250 1469 332 1512; x_wconf 73' lang='lat'><strong>381</strong></span> <span class='ocrx_word' id='word_1_242' title='bbox 367 1469 419 1511; x_wconf 89' lang='lat' dir='ltr'><strong>C:</strong></span> <span class='ocrx_word' id='word_1_243' title='bbox 462 1469 611 1515; x_wconf 80' lang='grc' dir='ltr'><strong><em>καλῶς</em></strong></span> <span class='ocrx_word' id='word_1_244' title='bbox 643 1462 684 1510; x_wconf 80' lang='grc' dir='ltr'><strong>δ’</strong></span> <span class='ocrx_word' id='word_1_245' title='bbox 719 1465 814 1510; x_wconf 65' lang='grc' dir='ltr'><strong><em>ἔστι</em></strong></span> <span class='ocrx_word' id='word_1_246' title='bbox 845 1466 1207 1517; x_wconf 69' lang='grc' dir='ltr'><strong><em>ὃιὸασκαλικῶςε</em></strong></span> <span class='ocrx_word' id='word_1_247' title='bbox 1248 1469 1477 1523; x_wconf 87' lang='lat' dir='ltr'><strong>Hipparch.</strong></span> <span class='ocrx_word' id='word_1_248' title='bbox 1512 1483 1555 1522; x_wconf 91' lang='lat' dir='ltr'><strong>p.</strong></span> <span class='ocrx_word' id='word_1_249' title='bbox 1588 1466 1673 1511; x_wconf 83' lang='lat'><strong>227</strong></span> <span class='ocrx_word' id='word_1_250' title='bbox 1707 1469 1760 1511; x_wconf 89' lang='lat' dir='ltr'><strong>C:</strong></span> <span class='ocrx_word' id='word_1_251' title='bbox 1805 1462 1961 1520; x_wconf 76' lang='grc' dir='ltr'><strong><em>ὀρθῶς</em></strong></span> 
     </span>
     <span class='ocr_line' id='line_1_25' title="bbox 177 1515 1963 1597; baseline -0.002 -28"><span class='ocrx_word' id='word_1_252' title='bbox 177 1522 220 1569; x_wconf 83' lang='grc' dir='ltr'><strong>δ”</strong></span> <span class='ocrx_word' id='word_1_253' title='bbox 248 1523 342 1569; x_wconf 65' lang='grc' dir='ltr'><strong><em>ἔστι</em></strong></span> <span class='ocrx_word' id='word_1_254' title='bbox 370 1525 534 1568; x_wconf 83' lang='grc' dir='ltr'><strong><em>τοῦτον</em></strong></span> <span class='ocrx_word' id='word_1_255' title='bbox 565 1521 786 1597; x_wconf 48' lang='grc' dir='ltr'><strong>ἡγεῖσθαι</strong></span> <span class='ocrx_word' id='word_1_256' title='bbox 816 1523 1072 1579; x_wconf 80' lang='grc' dir='ltr'><strong><em>φιλοκερδῆ</em></strong></span> <span class='ocrx_word' id='word_1_257' title='bbox 1102 1534 1181 1571; x_wconf 86' lang='lat' dir='ltr'><strong>etc.</strong></span> <span class='ocrx_word' id='word_1_258' title='bbox 1212 1550 1271 1558; x_wconf 96' lang='lat'>—</span> <span class='ocrx_word' id='word_1_259' title='bbox 1300 1528 1345 1568; x_wconf 90' lang='lat' dir='ltr'><strong>P.</strong></span> <span class='ocrx_word' id='word_1_260' title='bbox 1379 1525 1461 1570; x_wconf 90' lang='grc'><strong>188</strong></span> <span class='ocrx_word' id='word_1_261' title='bbox 1492 1528 1524 1567; x_wconf 91' lang='grc' dir='ltr'><strong>Β</strong></span> <span class='ocrx_word' id='word_1_262' title='bbox 1555 1517 1650 1566; x_wconf 74' lang='grc' dir='ltr'><strong>ἄλλ’</strong></span> <span class='ocrx_word' id='word_1_263' title='bbox 1675 1515 1734 1566; x_wconf 71' lang='grc' dir='ltr'><strong>αὖ</strong></span> <span class='ocrx_word' id='word_1_264' title='bbox 1767 1516 1905 1577; x_wconf 79' lang='grc' dir='ltr'><strong><em>ὅμοια</em></strong></span> <span class='ocrx_word' id='word_1_265' title='bbox 1928 1526 1963 1566; x_wconf 82' lang='grc' dir='ltr'><strong>Η</strong></span> 
     </span>
     <span class='ocr_line' id='line_1_26' title="bbox 178 1577 1960 1653; baseline -0.002 -26"><span class='ocrx_word' id='word_1_266' title='bbox 178 1600 230 1627; x_wconf 73' lang='lat' dir='ltr'><strong>cx</strong></span> <span class='ocrx_word' id='word_1_267' title='bbox 261 1587 369 1639; x_wconf 83' lang='lat' dir='ltr'><strong>conj.</strong></span> <span class='ocrx_word' id='word_1_268' title='bbox 398 1598 477 1653; x_wconf 76' lang='lat' dir='ltr'><strong>pro</strong></span> <span class='ocrx_word' id='word_1_269' title='bbox 511 1577 591 1627; x_wconf 73' lang='grc' dir='ltr'><strong>ἄλλ</strong></span> <span class='ocrx_word' id='word_1_270' title='bbox 634 1578 858 1638; x_wconf 79' lang='grc' dir='ltr'><strong><em>οἷνόμοια,</em></strong></span> <span class='ocrx_word' id='word_1_271' title='bbox 900 1585 1015 1636; x_wconf 88' lang='lat' dir='ltr'><strong>quod</strong></span> <span class='ocrx_word' id='word_1_272' title='bbox 1053 1585 1152 1626; x_wconf 82' lang='lat' dir='ltr'><strong>ferri</strong></span> <span class='ocrx_word' id='word_1_273' title='bbox 1191 1598 1272 1626; x_wconf 89' lang='lat' dir='ltr'><strong>non</strong></span> <span class='ocrx_word' id='word_1_274' title='bbox 1301 1597 1428 1639; x_wconf 88' lang='lat' dir='ltr'><strong>posse</strong></span> <span class='ocrx_word' id='word_1_275' title='bbox 1475 1585 1752 1638; x_wconf 87' lang='lat' dir='ltr'><strong>intelligentes</strong></span> <span class='ocrx_word' id='word_1_276' title='bbox 1785 1583 1960 1625; x_wconf 88' lang='lat' dir='ltr'><strong>Orellius</strong></span> 
     </span>
     <span class='ocr_line' id='line_1_27' title="bbox 176 1633 1960 1696; baseline -0.002 -12"><span class='ocrx_word' id='word_1_277' title='bbox 176 1637 270 1684; x_wconf 75' lang='grc' dir='ltr'><strong>ἄλλ’</strong></span> <span class='ocrx_word' id='word_1_278' title='bbox 302 1633 360 1683; x_wconf 77' lang='grc' dir='ltr'><strong>ὂῖν</strong></span> <span class='ocrx_word' id='word_1_279' title='bbox 391 1639 557 1695; x_wconf 77' lang='grc' dir='ltr'><strong><em>ὅμοια,</em></strong></span> <span class='ocrx_word' id='word_1_280' title='bbox 588 1642 831 1685; x_wconf 88' lang='lat' dir='ltr'><strong>Sommcrus</strong></span> <span class='ocrx_word' id='word_1_281' title='bbox 859 1635 972 1682; x_wconf 72' lang='grc' dir='ltr'><strong><em>ἄλλα</em></strong></span> <span class='ocrx_word' id='word_1_282' title='bbox 1002 1633 1178 1696; x_wconf 70' lang='grc' dir='ltr'><strong><em>ὄνομα,</em></strong></span> <span class='ocrx_word' id='word_1_283' title='bbox 1216 1644 1363 1684; x_wconf 84' lang='lat' dir='ltr'><strong>Astius</strong></span> <span class='ocrx_word' id='word_1_284' title='bbox 1393 1634 1487 1682; x_wconf 72' lang='grc' dir='ltr'><strong><em>ἄλλ’</em></strong></span> <span class='ocrx_word' id='word_1_285' title='bbox 1512 1633 1605 1682; x_wconf 78' lang='grc' dir='ltr'><strong><em>ἅττ’</em></strong></span> <span class='ocrx_word' id='word_1_286' title='bbox 1630 1634 1792 1695; x_wconf 77' lang='grc' dir='ltr'><strong><em>ὅμοια,</em></strong></span> <span class='ocrx_word' id='word_1_287' title='bbox 1825 1642 1960 1695; x_wconf 76' lang='lat' dir='ltr'><strong>Reyn-</strong></span> 
     </span>
     <span class='ocr_line' id='line_1_28' title="bbox 179 1692 1959 1754; baseline -0.003 -10"><span class='ocrx_word' id='word_1_288' title='bbox 179 1701 342 1744; x_wconf 85' lang='lat' dir='ltr'><strong>dersius</strong></span> <span class='ocrx_word' id='word_1_289' title='bbox 361 1709 402 1743; x_wconf 85' lang='lat' dir='ltr'><strong>et</strong></span> <span class='ocrx_word' id='word_1_290' title='bbox 416 1701 790 1742; x_wconf 85' lang='lat' dir='ltr'><strong>Winckelmannus</strong></span> <span class='ocrx_word' id='word_1_291' title='bbox 816 1692 929 1740; x_wconf 79' lang='grc' dir='ltr'><strong><em>ἄλλα</em></strong></span> <span class='ocrx_word' id='word_1_292' title='bbox 952 1701 1156 1740; x_wconf 81' lang='grc' dir='ltr'><strong><em>παντοῖα</em></strong></span> <span class='ocrx_word' id='word_1_293' title='bbox 1178 1707 1508 1754; x_wconf 85' lang='lat' dir='ltr'><strong>proposuerunt;</strong></span> <span class='ocrx_word' id='word_1_294' title='bbox 1534 1706 1722 1740; x_wconf 88' lang='lat' dir='ltr'><strong>nostrum</strong></span> <span class='ocrx_word' id='word_1_295' title='bbox 1739 1700 1869 1740; x_wconf 89' lang='lat' dir='ltr'><strong>litcris</strong></span> <span class='ocrx_word' id='word_1_296' title='bbox 1884 1711 1959 1752; x_wconf 84' lang='lat' dir='ltr'><strong>pa-</strong></span> 
     </span>
     <span class='ocr_line' id='line_1_29' title="bbox 177 1753 1960 1810; baseline -0.002 -11"><span class='ocrx_word' id='word_1_297' title='bbox 177 1762 277 1800; x_wconf 90' lang='lat' dir='ltr'><strong>riter</strong></span> <span class='ocrx_word' id='word_1_298' title='bbox 309 1772 359 1800; x_wconf 85' lang='lat' dir='ltr'><strong>ae</strong></span> <span class='ocrx_word' id='word_1_299' title='bbox 387 1760 530 1800; x_wconf 88' lang='lat' dir='ltr'><strong>sensui</strong></span> <span class='ocrx_word' id='word_1_300' title='bbox 560 1759 871 1799; x_wconf 79' lang='lat' dir='ltr'><strong>satisfacturum</strong></span> <span class='ocrx_word' id='word_1_301' title='bbox 901 1770 993 1798; x_wconf 91' lang='lat' dir='ltr'><strong>esse</strong></span> <span class='ocrx_word' id='word_1_302' title='bbox 1026 1770 1165 1810; x_wconf 89' lang='lat' dir='ltr'><strong>spero.</strong></span> <span class='ocrx_word' id='word_1_303' title='bbox 1200 1779 1255 1787; x_wconf 96' lang='lat'><strong>—</strong></span> <span class='ocrx_word' id='word_1_304' title='bbox 1286 1760 1331 1799; x_wconf 88' lang='lat' dir='ltr'><strong>P.</strong></span> <span class='ocrx_word' id='word_1_305' title='bbox 1370 1755 1452 1800; x_wconf 88' lang='lat'><strong>188</strong></span> <span class='ocrx_word' id='word_1_306' title='bbox 1484 1757 1515 1798; x_wconf 89' lang='lat' dir='ltr'>C</span> <span class='ocrx_word' id='word_1_307' title='bbox 1553 1753 1660 1810; x_wconf 79' lang='grc' dir='ltr'><strong><em>περὶ</em></strong></span> <span class='ocrx_word' id='word_1_308' title='bbox 1693 1759 1735 1798; x_wconf 89' lang='lat' dir='ltr'><strong>in</strong></span> <span class='ocrx_word' id='word_1_309' title='bbox 1767 1758 1960 1798; x_wconf 87' lang='lat' dir='ltr'><strong>omnibus</strong></span> 
     </span>
     <span class='ocr_line' id='line_1_30' title="bbox 178 1813 1960 1868; baseline -0.001 -11"><span class='ocrx_word' id='word_1_310' title='bbox 178 1817 264 1858; x_wconf 80' lang='lat' dir='ltr'><strong>fere</strong></span> <span class='ocrx_word' id='word_1_311' title='bbox 293 1815 409 1857; x_wconf 86' lang='lat' dir='ltr'><strong>libris</strong></span> <span class='ocrx_word' id='word_1_312' title='bbox 443 1823 653 1857; x_wconf 84' lang='lat' dir='ltr'><strong>servatum</strong></span> <span class='ocrx_word' id='word_1_313' title='bbox 684 1815 879 1856; x_wconf 88' lang='lat' dir='ltr'><strong>cancellis</strong></span> <span class='ocrx_word' id='word_1_314' title='bbox 908 1815 1120 1856; x_wconf 88' lang='lat' dir='ltr'><strong>includere</strong></span> <span class='ocrx_word' id='word_1_315' title='bbox 1146 1827 1271 1866; x_wconf 89' lang='lat' dir='ltr'><strong>quam</strong></span> <span class='ocrx_word' id='word_1_316' title='bbox 1297 1813 1468 1856; x_wconf 88' lang='lat' dir='ltr'><strong>Stobaei</strong></span> <span class='ocrx_word' id='word_1_317' title='bbox 1490 1814 1572 1855; x_wconf 89' lang='lat' dir='ltr'><strong>fide</strong></span> <span class='ocrx_word' id='word_1_318' title='bbox 1597 1828 1692 1856; x_wconf 87' lang='lat' dir='ltr'><strong>cum</strong></span> <span class='ocrx_word' id='word_1_319' title='bbox 1715 1813 1814 1856; x_wconf 89' lang='lat' dir='ltr'><strong>BST</strong></span> <span class='ocrx_word' id='word_1_320' title='bbox 1841 1827 1960 1868; x_wconf 84' lang='lat' dir='ltr'><strong>pror-</strong></span> 
     </span>
     <span class='ocr_line' id='line_1_31' title="bbox 178 1871 1961 1927; baseline -0.002 -12"><span class='ocrx_word' id='word_1_321' title='bbox 178 1886 249 1915; x_wconf 86' lang='lat' dir='ltr'><strong>sus</strong></span> <span class='ocrx_word' id='word_1_322' title='bbox 282 1875 432 1927; x_wconf 80' lang='lat' dir='ltr'><strong>ejicere</strong></span> <span class='ocrx_word' id='word_1_323' title='bbox 463 1874 606 1922; x_wconf 87' lang='lat' dir='ltr'><strong>malui,</strong></span> <span class='ocrx_word' id='word_1_324' title='bbox 640 1875 738 1925; x_wconf 80' lang='lat' dir='ltr'><strong>qula</strong></span> <span class='ocrx_word' id='word_1_325' title='bbox 762 1872 875 1913; x_wconf 85' lang='lat' dir='ltr'><strong>aliud</strong></span> <span class='ocrx_word' id='word_1_326' title='bbox 902 1873 1044 1913; x_wconf 87' lang='lat' dir='ltr'><strong>subter</strong></span> <span class='ocrx_word' id='word_1_327' title='bbox 1068 1886 1117 1913; x_wconf 94' lang='lat' dir='ltr'><strong>co</strong></span> <span class='ocrx_word' id='word_1_328' title='bbox 1143 1872 1272 1912; x_wconf 87' lang='lat' dir='ltr'><strong>latere</strong></span> <span class='ocrx_word' id='word_1_329' title='bbox 1299 1878 1453 1925; x_wconf 90' lang='lat' dir='ltr'><strong>potest,</strong></span> <span class='ocrx_word' id='word_1_330' title='bbox 1485 1885 1724 1925; x_wconf 82' lang='lat' dir='ltr'><strong>quanquam</strong></span> <span class='ocrx_word' id='word_1_331' title='bbox 1748 1871 1961 1912; x_wconf 89' lang='lat' dir='ltr'><strong>Winckel-</strong></span> 
     </span>
     <span class='ocr_line' id='line_1_32' title="bbox 181 1923 1960 1986; baseline -0.002 -14"><span class='ocrx_word' id='word_1_332' title='bbox 181 1932 321 1972; x_wconf 89' lang='lat' dir='ltr'><strong>manni</strong></span> <span class='ocrx_word' id='word_1_333' title='bbox 350 1929 509 1986; x_wconf 86' lang='lat' dir='ltr'><strong>(praef.</strong></span> <span class='ocrx_word' id='word_1_334' title='bbox 536 1930 694 1972; x_wconf 87' lang='lat' dir='ltr'><strong>Phileb.</strong></span> <span class='ocrx_word' id='word_1_335' title='bbox 725 1943 768 1983; x_wconf 90' lang='lat' dir='ltr'><strong>p.</strong></span> <span class='ocrx_word' id='word_1_336' title='bbox 795 1930 896 1983; x_wconf 85' lang='lat' dir='ltr'>XII)</span> <span class='ocrx_word' id='word_1_337' title='bbox 925 1931 1034 1984; x_wconf 86' lang='lat' dir='ltr'><strong>conj.</strong></span> <span class='ocrx_word' id='word_1_338' title='bbox 1067 1923 1308 1985; x_wconf 81' lang='grc' dir='ltr'><strong><em>θεραπεύῃ</em></strong></span> <span class='ocrx_word' id='word_1_339' title='bbox 1338 1941 1489 1983; x_wconf 87' lang='lat' dir='ltr'><strong>parum</strong></span> <span class='ocrx_word' id='word_1_340' title='bbox 1516 1930 1675 1982; x_wconf 70' lang='lat' dir='ltr'><strong>placet-3</strong></span> <span class='ocrx_word' id='word_1_341' title='bbox 1709 1929 1855 1970; x_wconf 83' lang='lat' dir='ltr'><strong>cadcm</strong></span> <span class='ocrx_word' id='word_1_342' title='bbox 1889 1942 1960 1969; x_wconf 86' lang='lat' dir='ltr'><strong>au-</strong></span> 
     </span>
     <span class='ocr_line' id='line_1_33' title="bbox 178 1979 1961 2043; baseline -0.002 -14"><span class='ocrx_word' id='word_1_343' title='bbox 178 1996 261 2030; x_wconf 89' lang='lat' dir='ltr'><strong>tem</strong></span> <span class='ocrx_word' id='word_1_344' title='bbox 295 1990 551 2043; x_wconf 85' lang='lat' dir='ltr'><strong>suspicionis</strong></span> <span class='ocrx_word' id='word_1_345' title='bbox 581 1995 678 2029; x_wconf 85' lang='lat' dir='ltr'><strong>nota</strong></span> <span class='ocrx_word' id='word_1_346' title='bbox 717 2001 817 2041; x_wconf 88' lang='lat' dir='ltr'><strong>mox</strong></span> <span class='ocrx_word' id='word_1_347' title='bbox 849 1988 990 2029; x_wconf 87' lang='lat' dir='ltr'><strong>verbis</strong></span> <span class='ocrx_word' id='word_1_348' title='bbox 1021 1980 1128 2034; x_wconf 76' lang='grc' dir='ltr'><strong><em>τοὺς</em></strong></span> <span class='ocrx_word' id='word_1_349' title='bbox 1159 1979 1362 2039; x_wconf 85' lang='grc' dir='ltr'><strong><em>Ἔρωτας</em></strong></span> <span class='ocrx_word' id='word_1_350' title='bbox 1395 1987 1536 2028; x_wconf 85' lang='lat' dir='ltr'><strong>addita</strong></span> <span class='ocrx_word' id='word_1_351' title='bbox 1568 1988 1852 2040; x_wconf 88' lang='lat' dir='ltr'><strong>importunum</strong></span> <span class='ocrx_word' id='word_1_352' title='bbox 1880 1986 1961 2026; x_wconf 87' lang='lat' dir='ltr'><strong>hoc</strong></span> 
     </span>
     <span class='ocr_line' id='line_1_34' title="bbox 178 2035 1960 2100; baseline -0.002 -14"><span class='ocrx_word' id='word_1_353' title='bbox 178 2052 410 2088; x_wconf 82' lang='lat' dir='ltr'><strong>structurae</strong></span> <span class='ocrx_word' id='word_1_354' title='bbox 446 2047 791 2100; x_wconf 86' lang='lat' dir='ltr'><strong>impedimentum</strong></span> <span class='ocrx_word' id='word_1_355' title='bbox 833 2059 884 2086; x_wconf 85' lang='lat' dir='ltr'><strong>ex</strong></span> <span class='ocrx_word' id='word_1_356' title='bbox 921 2045 1175 2100; x_wconf 87' lang='lat' dir='ltr'><strong>glossemate</strong></span> <span class='ocrx_word' id='word_1_357' title='bbox 1213 2045 1268 2085; x_wconf 85' lang='lat' dir='ltr'><strong>ad</strong></span> <span class='ocrx_word' id='word_1_358' title='bbox 1297 2035 1327 2085; x_wconf 74' lang='grc' dir='ltr'><em>ἃ</em></span> <span class='ocrx_word' id='word_1_359' title='bbox 1355 2044 1566 2098; x_wconf 85' lang='lat' dir='ltr'><strong>adscripto</strong></span> <span class='ocrx_word' id='word_1_360' title='bbox 1598 2051 1733 2086; x_wconf 89' lang='lat' dir='ltr'><strong>ortum</strong></span> <span class='ocrx_word' id='word_1_361' title='bbox 1766 2043 1867 2085; x_wconf 87' lang='lat' dir='ltr'><strong>mihi</strong></span> <span class='ocrx_word' id='word_1_362' title='bbox 1898 2044 1960 2083; x_wconf 90' lang='lat' dir='ltr'><strong>vi-</strong></span> 
     </span>
     <span class='ocr_line' id='line_1_35' title="bbox 179 2091 1961 2159; baseline -0.002 -15"><span class='ocrx_word' id='word_1_363' title='bbox 179 2103 267 2145; x_wconf 89' lang='lat' dir='ltr'><strong>deri</strong></span> <span class='ocrx_word' id='word_1_364' title='bbox 295 2104 548 2159; x_wconf 81' lang='lat' dir='ltr'><strong>significavi.</strong></span> <span class='ocrx_word' id='word_1_365' title='bbox 586 2125 646 2135; x_wconf 90' lang='lat'>—</span> <span class='ocrx_word' id='word_1_366' title='bbox 683 2104 728 2145; x_wconf 93' lang='lat' dir='ltr'><strong>P.</strong></span> <span class='ocrx_word' id='word_1_367' title='bbox 763 2101 845 2145; x_wconf 86' lang='lat'><strong>193</strong></span> <span class='ocrx_word' id='word_1_368' title='bbox 874 2104 907 2144; x_wconf 89' lang='grc' dir='ltr'>Β</span> <span class='ocrx_word' id='word_1_369' title='bbox 939 2091 1004 2143; x_wconf 79' lang='grc' dir='ltr'><strong>ὧν</strong></span> <span class='ocrx_word' id='word_1_370' title='bbox 1036 2102 1100 2144; x_wconf 92' lang='lat' dir='ltr'><strong>BS</strong></span> <span class='ocrx_word' id='word_1_371' title='bbox 1132 2116 1184 2144; x_wconf 89' lang='lat' dir='ltr'><strong>ex</strong></span> <span class='ocrx_word' id='word_1_372' title='bbox 1214 2104 1324 2156; x_wconf 83' lang='lat' dir='ltr'><strong>conj.</strong></span> <span class='ocrx_word' id='word_1_373' title='bbox 1362 2101 1585 2156; x_wconf 87' lang='lat' dir='ltr'><strong>Stephani,</strong></span> <span class='ocrx_word' id='word_1_374' title='bbox 1619 2095 1681 2148; x_wconf 76' lang='grc' dir='ltr'><strong>ὥς</strong></span> <span class='ocrx_word' id='word_1_375' title='bbox 1711 2101 1807 2151; x_wconf 89' lang='lat' dir='ltr'><strong>VT,</strong></span> <span class='ocrx_word' id='word_1_376' title='bbox 1847 2101 1961 2152; x_wconf 88' lang='lat' dir='ltr'><strong>quod</strong></span> 
     </span>
     <span class='ocr_line' id='line_1_36' title="bbox 176 2152 1960 2213; baseline -0.002 -12"><span class='ocrx_word' id='word_1_377' title='bbox 176 2161 290 2202; x_wconf 84' lang='lat' dir='ltr'><strong>haud</strong></span> <span class='ocrx_word' id='word_1_378' title='bbox 321 2163 408 2203; x_wconf 87' lang='lat' dir='ltr'><strong>scio</strong></span> <span class='ocrx_word' id='word_1_379' title='bbox 431 2174 484 2203; x_wconf 84' lang='lat' dir='ltr'><strong>an</strong></span> <span class='ocrx_word' id='word_1_380' title='bbox 510 2174 656 2203; x_wconf 89' lang='lat' dir='ltr'><strong>eorum</strong></span> <span class='ocrx_word' id='word_1_381' title='bbox 687 2162 817 2202; x_wconf 85' lang='lat' dir='ltr'><strong>errori</strong></span> <span class='ocrx_word' id='word_1_382' title='bbox 845 2162 1060 2211; x_wconf 72' lang='lat' dir='ltr'><strong>debeatur,</strong></span> <span class='ocrx_word' id='word_1_383' title='bbox 1093 2161 1165 2213; x_wconf 92' lang='lat' dir='ltr'><strong>qui</strong></span> <span class='ocrx_word' id='word_1_384' title='bbox 1194 2158 1286 2200; x_wconf 78' lang='grc' dir='ltr'><strong>τῶν</strong></span> <span class='ocrx_word' id='word_1_385' title='bbox 1316 2154 1389 2210; x_wconf 82' lang='grc' dir='ltr'><strong>δέ,</strong></span> <span class='ocrx_word' id='word_1_386' title='bbox 1422 2160 1520 2211; x_wconf 88' lang='lat' dir='ltr'><strong>quia</strong></span> <span class='ocrx_word' id='word_1_387' title='bbox 1550 2160 1604 2200; x_wconf 87' lang='lat' dir='ltr'><strong>ad</strong></span> <span class='ocrx_word' id='word_1_388' title='bbox 1626 2152 1682 2199; x_wconf 77' lang='grc' dir='ltr'><strong>τὰ</strong></span> <span class='ocrx_word' id='word_1_389' title='bbox 1713 2154 1763 2200; x_wconf 75' lang='grc' dir='ltr'><strong>δὲ</strong></span> <span class='ocrx_word' id='word_1_390' title='bbox 1787 2171 1960 2212; x_wconf 88' lang='lat' dir='ltr'><strong>respon-</strong></span> 
     </span>
     <span class='ocr_line' id='line_1_37' title="bbox 177 2208 1959 2284; baseline -0.003 -24"><span class='ocrx_word' id='word_1_391' title='bbox 177 2219 268 2284; x_wconf 66' lang='lat' dir='ltr'><strong>det,</strong></span> <span class='ocrx_word' id='word_1_392' title='bbox 299 2220 516 2271; x_wconf 83' lang='lat' dir='ltr'><strong>sequentia</strong></span> <span class='ocrx_word' id='word_1_393' title='bbox 548 2220 754 2272; x_wconf 86' lang='lat' dir='ltr'><strong>respicere</strong></span> <span class='ocrx_word' id='word_1_394' title='bbox 787 2232 869 2259; x_wconf 91' lang='lat' dir='ltr'><strong>non</strong></span> <span class='ocrx_word' id='word_1_395' title='bbox 898 2232 1025 2273; x_wconf 88' lang='lat' dir='ltr'><strong>posse</strong></span> <span class='ocrx_word' id='word_1_396' title='bbox 1060 2218 1362 2260; x_wconf 85' lang='lat' dir='ltr'><strong>existimarent.</strong></span> <span class='ocrx_word' id='word_1_397' title='bbox 1405 2239 1461 2247; x_wconf 91' lang='lat'><strong>—</strong></span> <span class='ocrx_word' id='word_1_398' title='bbox 1502 2217 1547 2258; x_wconf 93' lang='lat' dir='ltr'><strong>P.</strong></span> <span class='ocrx_word' id='word_1_399' title='bbox 1582 2215 1665 2260; x_wconf 85' lang='lat'><strong>193</strong></span> <span class='ocrx_word' id='word_1_400' title='bbox 1697 2217 1726 2258; x_wconf 92' lang='lat' dir='ltr'>C</span> <span class='ocrx_word' id='word_1_401' title='bbox 1759 2208 1880 2271; x_wconf 74' lang='grc' dir='ltr'><strong><em>αὐτῷ</em></strong></span> <span class='ocrx_word' id='word_1_402' title='bbox 1910 2215 1959 2265; x_wconf 89' lang='grc' dir='ltr'><strong>Η,</strong></span> 
     </span>
     <span class='ocr_line' id='line_1_38' title="bbox 176 2273 1959 2332; baseline -0.001 -17"><span class='ocrx_word' id='word_1_403' title='bbox 176 2273 299 2332; x_wconf 77' lang='grc' dir='ltr'><strong><em>αυτῷ</em></strong></span> <span class='ocrx_word' id='word_1_404' title='bbox 329 2275 482 2326; x_wconf 88' lang='lat' dir='ltr'><strong>VBST,</strong></span> <span class='ocrx_word' id='word_1_405' title='bbox 516 2278 630 2328; x_wconf 79' lang='lat' dir='ltr'><strong>quod</strong></span> <span class='ocrx_word' id='word_1_406' title='bbox 658 2283 798 2317; x_wconf 82' lang='lat' dir='ltr'><strong>tamen</strong></span> <span class='ocrx_word' id='word_1_407' title='bbox 829 2278 880 2317; x_wconf 84' lang='lat' dir='ltr'><strong>ab</strong></span> <span class='ocrx_word' id='word_1_408' title='bbox 916 2278 967 2318; x_wconf 88' lang='lat' dir='ltr'><strong>iis</strong></span> <span class='ocrx_word' id='word_1_409' title='bbox 998 2277 1124 2329; x_wconf 84' lang='lat' dir='ltr'><strong>locis,</strong></span> <span class='ocrx_word' id='word_1_410' title='bbox 1157 2277 1228 2327; x_wconf 92' lang='lat' dir='ltr'><strong>qui</strong></span> <span class='ocrx_word' id='word_1_411' title='bbox 1259 2277 1314 2317; x_wconf 89' lang='lat' dir='ltr'><strong>ad</strong></span> <span class='ocrx_word' id='word_1_412' title='bbox 1337 2273 1598 2316; x_wconf 86' lang='lat' dir='ltr'><strong>indefinitum</strong></span> <span class='ocrx_word' id='word_1_413' title='bbox 1627 2275 1864 2328; x_wconf 85' lang='lat' dir='ltr'><strong>subjectum</strong></span> <span class='ocrx_word' id='word_1_414' title='bbox 1893 2286 1959 2314; x_wconf 87' lang='lat' dir='ltr'><strong>re-</strong></span> 
     </span>
     <span class='ocr_line' id='line_1_39' title="bbox 177 2332 1958 2386; baseline -0.002 -12"><span class='ocrx_word' id='word_1_415' title='bbox 177 2333 387 2382; x_wconf 79' lang='lat' dir='ltr'><strong>feruntur,</strong></span> <span class='ocrx_word' id='word_1_416' title='bbox 419 2346 590 2386; x_wconf 89' lang='lat' dir='ltr'><strong>prorsus</strong></span> <span class='ocrx_word' id='word_1_417' title='bbox 623 2334 805 2376; x_wconf 84' lang='lat' dir='ltr'><strong>alienum</strong></span> <span class='ocrx_word' id='word_1_418' title='bbox 833 2340 914 2383; x_wconf 84' lang='lat' dir='ltr'><strong>est3</strong></span> <span class='ocrx_word' id='word_1_419' title='bbox 944 2335 1083 2375; x_wconf 90' lang='lat' dir='ltr'><strong>lenem</strong></span> <span class='ocrx_word' id='word_1_420' title='bbox 1109 2334 1302 2386; x_wconf 87' lang='lat' dir='ltr'><strong>spiritum</strong></span> <span class='ocrx_word' id='word_1_421' title='bbox 1337 2339 1376 2374; x_wconf 88' lang='lat' dir='ltr'><strong>et</strong></span> <span class='ocrx_word' id='word_1_422' title='bbox 1403 2332 1575 2373; x_wconf 82' lang='lat' dir='ltr'><strong>inferius</strong></span> <span class='ocrx_word' id='word_1_423' title='bbox 1604 2332 1843 2386; x_wconf 78' lang='lat' dir='ltr'><strong>exemplum</strong></span> <span class='ocrx_word' id='word_1_424' title='bbox 1869 2337 1958 2371; x_wconf 91' lang='lat' dir='ltr'><strong>tue-</strong></span> 
     </span>
     <span class='ocr_line' id='line_1_40' title="bbox 174 2383 1958 2448; baseline -0.002 -15"><span class='ocrx_word' id='word_1_425' title='bbox 174 2391 288 2433; x_wconf 87' lang='lat' dir='ltr'><strong>bitur</strong></span> <span class='ocrx_word' id='word_1_426' title='bbox 317 2404 362 2446; x_wconf 87' lang='lat' dir='ltr'><strong>p.</strong></span> <span class='ocrx_word' id='word_1_427' title='bbox 389 2390 475 2434; x_wconf 77' lang='lat'><strong>200</strong></span> <span class='ocrx_word' id='word_1_428' title='bbox 499 2392 556 2432; x_wconf 86' lang='lat' dir='ltr'><strong>E:</strong></span> <span class='ocrx_word' id='word_1_429' title='bbox 584 2389 728 2431; x_wconf 82' lang='grc' dir='ltr'><strong><em>ταῦτα</em></strong></span> <span class='ocrx_word' id='word_1_430' title='bbox 759 2385 880 2432; x_wconf 81' lang='grc' dir='ltr'><strong><em>εἶναι</em></strong></span> <span class='ocrx_word' id='word_1_431' title='bbox 911 2385 1033 2448; x_wconf 78' lang='grc' dir='ltr'><strong><em>αὐτῷ</em></strong></span> <span class='ocrx_word' id='word_1_432' title='bbox 1060 2383 1314 2444; x_wconf 81' lang='grc' dir='ltr'><strong><em>σωζόμενα,</em></strong></span> <span class='ocrx_word' id='word_1_433' title='bbox 1348 2397 1388 2431; x_wconf 89' lang='lat' dir='ltr'><strong>et</strong></span> <span class='ocrx_word' id='word_1_434' title='bbox 1419 2388 1500 2430; x_wconf 83' lang='lat' dir='ltr'><strong>alia</strong></span> <span class='ocrx_word' id='word_1_435' title='bbox 1533 2390 1701 2442; x_wconf 85' lang='lat' dir='ltr'><strong>similia,</strong></span> <span class='ocrx_word' id='word_1_436' title='bbox 1731 2390 1803 2430; x_wconf 90' lang='lat' dir='ltr'><strong>ubi</strong></span> <span class='ocrx_word' id='word_1_437' title='bbox 1834 2400 1958 2430; x_wconf 86' lang='lat' dir='ltr'><strong>casus</strong></span> 
     </span>
     <span class='ocr_line' id='line_1_41' title="bbox 178 2441 1958 2504; baseline -0.002 -14"><span class='ocrx_word' id='word_1_438' title='bbox 178 2449 337 2500; x_wconf 90' lang='lat' dir='ltr'><strong>obliqui</strong></span> <span class='ocrx_word' id='word_1_439' title='bbox 365 2451 622 2503; x_wconf 75' lang='lat' dir='ltr'><strong>pronomiiiis</strong></span> <span class='ocrx_word' id='word_1_440' title='bbox 655 2441 793 2496; x_wconf 71' lang='grc' dir='ltr'><strong><em>αὐτὸς</em></strong></span> <span class='ocrx_word' id='word_1_441' title='bbox 827 2448 915 2490; x_wconf 81' lang='lat' dir='ltr'><strong>fere</strong></span> <span class='ocrx_word' id='word_1_442' title='bbox 946 2450 1002 2491; x_wconf 88' lang='lat' dir='ltr'><strong>ad</strong></span> <span class='ocrx_word' id='word_1_443' title='bbox 1033 2451 1127 2503; x_wconf 89' lang='lat' dir='ltr'><strong>ejus</strong></span> <span class='ocrx_word' id='word_1_444' title='bbox 1159 2449 1271 2500; x_wconf 86' lang='lat' dir='ltr'><strong>quod</strong></span> <span class='ocrx_word' id='word_1_445' title='bbox 1303 2455 1367 2489; x_wconf 88' lang='lat' dir='ltr'><strong>est</strong></span> <span class='ocrx_word' id='word_1_446' title='bbox 1396 2443 1467 2493; x_wconf 83' lang='grc' dir='ltr'><strong>τὶς</strong></span> <span class='ocrx_word' id='word_1_447' title='bbox 1506 2448 1856 2504; x_wconf 82' lang='lat' dir='ltr'><strong>significationem</strong></span> <span class='ocrx_word' id='word_1_448' title='bbox 1890 2459 1958 2487; x_wconf 87' lang='lat' dir='ltr'><strong>ac-</strong></span> 
     </span>
     <span class='ocr_line' id='line_1_42' title="bbox 177 2503 1956 2562; baseline -0.002 -15"><span class='ocrx_word' id='word_1_449' title='bbox 177 2506 350 2556; x_wconf 85' lang='lat' dir='ltr'><strong>cedunt,</strong></span> <span class='ocrx_word' id='word_1_450' title='bbox 394 2515 439 2548; x_wconf 86' lang='lat' dir='ltr'><strong>ut</strong></span> <span class='ocrx_word' id='word_1_451' title='bbox 468 2507 651 2561; x_wconf 78' lang='lat' dir='ltr'><strong>Euthyd.</strong></span> <span class='ocrx_word' id='word_1_452' title='bbox 684 2520 729 2561; x_wconf 90' lang='lat' dir='ltr'><strong>p.</strong></span> <span class='ocrx_word' id='word_1_453' title='bbox 763 2504 849 2549; x_wconf 82' lang='lat'><strong>273</strong></span> <span class='ocrx_word' id='word_1_454' title='bbox 881 2506 935 2556; x_wconf 83' lang='lat' dir='ltr'><strong>G,</strong></span> <span class='ocrx_word' id='word_1_455' title='bbox 980 2506 1106 2562; x_wconf 87' lang='lat' dir='ltr'><strong>Gorg.</strong></span> <span class='ocrx_word' id='word_1_456' title='bbox 1139 2519 1181 2560; x_wconf 85' lang='lat' dir='ltr'><strong>p.</strong></span> <span class='ocrx_word' id='word_1_457' title='bbox 1209 2504 1296 2549; x_wconf 84' lang='lat'><strong>469</strong></span> <span class='ocrx_word' id='word_1_458' title='bbox 1328 2505 1379 2555; x_wconf 89' lang='lat' dir='ltr'><strong>C,</strong></span> <span class='ocrx_word' id='word_1_459' title='bbox 1415 2506 1540 2560; x_wconf 84' lang='lat' dir='ltr'><strong>Hipp.</strong></span> <span class='ocrx_word' id='word_1_460' title='bbox 1574 2507 1676 2560; x_wconf 86' lang='lat' dir='ltr'><strong>maj.</strong></span> <span class='ocrx_word' id='word_1_461' title='bbox 1710 2518 1754 2560; x_wconf 88' lang='lat' dir='ltr'><strong>p.</strong></span> <span class='ocrx_word' id='word_1_462' title='bbox 1786 2503 1873 2548; x_wconf 83' lang='lat'><strong>296</strong></span> <span class='ocrx_word' id='word_1_463' title='bbox 1905 2506 1956 2551; x_wconf 82' lang='lat' dir='ltr'><strong>A,</strong></span> 
     </span>
     <span class='ocr_line' id='line_1_43' title="bbox 176 2553 1955 2619; baseline -0.002 -15"><span class='ocrx_word' id='word_1_464' title='bbox 176 2563 379 2618; x_wconf 85' lang='lat' dir='ltr'><strong>pluraque</strong></span> <span class='ocrx_word' id='word_1_465' title='bbox 408 2566 522 2619; x_wconf 86' lang='lat' dir='ltr'><strong>apud</strong></span> <span class='ocrx_word' id='word_1_466' title='bbox 551 2563 699 2606; x_wconf 86' lang='lat' dir='ltr'><strong>Stallb.</strong></span> <span class='ocrx_word' id='word_1_467' title='bbox 732 2565 788 2606; x_wconf 77' lang='lat' dir='ltr'><strong>ad</strong></span> <span class='ocrx_word' id='word_1_468' title='bbox 815 2564 993 2607; x_wconf 87' lang='lat' dir='ltr'><strong>Phaedr.</strong></span> <span class='ocrx_word' id='word_1_469' title='bbox 1029 2579 1074 2619; x_wconf 87' lang='lat' dir='ltr'><strong>p.</strong></span> <span class='ocrx_word' id='word_1_470' title='bbox 1103 2563 1176 2608; x_wconf 75' lang='lat'><strong>32.</strong></span> <span class='ocrx_word' id='word_1_471' title='bbox 1211 2586 1269 2594; x_wconf 92' lang='lat'><strong>—</strong></span> <span class='ocrx_word' id='word_1_472' title='bbox 1307 2564 1352 2605; x_wconf 90' lang='grc' dir='ltr'><strong>Ρ.</strong></span> <span class='ocrx_word' id='word_1_473' title='bbox 1389 2560 1471 2606; x_wconf 86' lang='grc'><strong>197</strong></span> <span class='ocrx_word' id='word_1_474' title='bbox 1505 2562 1536 2605; x_wconf 89' lang='lat' dir='ltr'>C</span> <span class='ocrx_word' id='word_1_475' title='bbox 1564 2561 1696 2618; x_wconf 79' lang='grc' dir='ltr'><strong><em>κοίτῃ</em></strong></span> <span class='ocrx_word' id='word_1_476' title='bbox 1731 2554 1774 2602; x_wconf 81' lang='grc' dir='ltr'><strong>δ’</strong></span> <span class='ocrx_word' id='word_1_477' title='bbox 1801 2553 1955 2603; x_wconf 72' lang='grc' dir='ltr'><strong><em>ὕπνον</em></strong></span> 
     </span>
     <span class='ocr_line' id='line_1_44' title="bbox 178 2612 1958 2676; baseline -0.002 -15"><span class='ocrx_word' id='word_1_478' title='bbox 178 2619 363 2675; x_wconf 79' lang='grc' dir='ltr'><strong><em>νηκηὸἥ</em></strong></span> <span class='ocrx_word' id='word_1_479' title='bbox 390 2622 426 2663; x_wconf 88' lang='grc' dir='ltr'><strong>Η</strong></span> <span class='ocrx_word' id='word_1_480' title='bbox 459 2635 553 2664; x_wconf 86' lang='lat' dir='ltr'><strong>cum</strong></span> <span class='ocrx_word' id='word_1_481' title='bbox 590 2622 698 2664; x_wconf 84' lang='lat' dir='ltr'><strong>Guil.</strong></span> <span class='ocrx_word' id='word_1_482' title='bbox 733 2622 948 2664; x_wconf 90' lang='lat' dir='ltr'><strong>Dindorfio</strong></span> <span class='ocrx_word' id='word_1_483' title='bbox 979 2635 1056 2676; x_wconf 90' lang='lat' dir='ltr'><strong>pro</strong></span> <span class='ocrx_word' id='word_1_484' title='bbox 1096 2621 1260 2675; x_wconf 82' lang='grc' dir='ltr'><strong><em>κοίτην</em></strong></span> <span class='ocrx_word' id='word_1_485' title='bbox 1302 2612 1459 2662; x_wconf 69' lang='grc' dir='ltr'><strong><em>ὕπνον</em></strong></span> <span class='ocrx_word' id='word_1_486' title='bbox 1496 2614 1535 2661; x_wconf 89' lang='grc' dir='ltr'><strong>τ’</strong></span> <span class='ocrx_word' id='word_1_487' title='bbox 1574 2613 1644 2662; x_wconf 77' lang='grc' dir='ltr'><strong>ἑνὶ</strong></span> <span class='ocrx_word' id='word_1_488' title='bbox 1675 2617 1832 2671; x_wconf 81' lang='grc' dir='ltr'><em>κη’ὃει,</em></span> <span class='ocrx_word' id='word_1_489' title='bbox 1875 2630 1958 2670; x_wconf 88' lang='lat' dir='ltr'><strong>qua</strong></span> 
     </span>
     <span class='ocr_line' id='line_1_45' title="bbox 177 2679 1956 2735; baseline -0.002 -16"><span class='ocrx_word' id='word_1_490' title='bbox 177 2679 218 2720; x_wconf 87' lang='lat' dir='ltr'><strong>in</strong></span> <span class='ocrx_word' id='word_1_491' title='bbox 253 2679 431 2722; x_wconf 89' lang='lat' dir='ltr'><strong>lectione</strong></span> <span class='ocrx_word' id='word_1_492' title='bbox 460 2693 543 2722; x_wconf 88' lang='lat' dir='ltr'><strong>non</strong></span> <span class='ocrx_word' id='word_1_493' title='bbox 575 2686 772 2735; x_wconf 83' lang='lat' dir='ltr'><strong>apparet,</strong></span> <span class='ocrx_word' id='word_1_494' title='bbox 813 2694 886 2721; x_wconf 88' lang='lat' dir='ltr'><strong>cur</strong></span> <span class='ocrx_word' id='word_1_495' title='bbox 915 2681 1046 2721; x_wconf 88' lang='lat' dir='ltr'><strong>luctui</strong></span> <span class='ocrx_word' id='word_1_496' title='bbox 1084 2681 1352 2735; x_wconf 86' lang='lat' dir='ltr'><strong>potissimum</strong></span> <span class='ocrx_word' id='word_1_497' title='bbox 1382 2691 1501 2719; x_wconf 85' lang='lat' dir='ltr'><strong>amor</strong></span> <span class='ocrx_word' id='word_1_498' title='bbox 1531 2679 1711 2730; x_wconf 88' lang='lat' dir='ltr'><strong>quietem</strong></span> <span class='ocrx_word' id='word_1_499' title='bbox 1744 2689 1956 2718; x_wconf 90' lang='lat' dir='ltr'><strong>somnum-</strong></span> 
     </span>
     <span class='ocr_line' id='line_1_46' title="bbox 176 2735 1956 2791; baseline -0.002 -14"><span class='ocrx_word' id='word_1_500' title='bbox 176 2750 258 2789; x_wconf 90' lang='lat' dir='ltr'><strong>que</strong></span> <span class='ocrx_word' id='word_1_501' title='bbox 290 2738 510 2779; x_wconf 78' lang='lat' dir='ltr'><strong>conciliare</strong></span> <span class='ocrx_word' id='word_1_502' title='bbox 541 2738 720 2787; x_wconf 81' lang='lat' dir='ltr'><strong>dicatur3</strong></span> <span class='ocrx_word' id='word_1_503' title='bbox 757 2739 870 2790; x_wconf 89' lang='lat' dir='ltr'><strong>quod</strong></span> <span class='ocrx_word' id='word_1_504' title='bbox 901 2744 1039 2779; x_wconf 86' lang='lat' dir='ltr'><strong>autem</strong></span> <span class='ocrx_word' id='word_1_505' title='bbox 1065 2738 1321 2791; x_wconf 88' lang='lat' dir='ltr'><strong>praeclaram</strong></span> <span class='ocrx_word' id='word_1_506' title='bbox 1352 2736 1684 2779; x_wconf 85' lang='lat' dir='ltr'><strong>emendationem</strong></span> <span class='ocrx_word' id='word_1_507' title='bbox 1708 2735 1765 2775; x_wconf 88' lang='lat' dir='ltr'><strong>ita</strong></span> <span class='ocrx_word' id='word_1_508' title='bbox 1789 2735 1956 2789; x_wconf 86' lang='lat' dir='ltr'><strong>Voege-</strong></span> 
     </span>
     <span class='ocr_line' id='line_1_47' title="bbox 177 2793 1955 2851; baseline -0.002 -16"><span class='ocrx_word' id='word_1_509' title='bbox 177 2793 287 2835; x_wconf 85' lang='lat' dir='ltr'><strong>linus</strong></span> <span class='ocrx_word' id='word_1_510' title='bbox 316 2796 600 2851; x_wconf 85' lang='lat' dir='ltr'><strong>impugnavit,</strong></span> <span class='ocrx_word' id='word_1_511' title='bbox 632 2803 678 2837; x_wconf 91' lang='lat' dir='ltr'><strong>ut</strong></span> <span class='ocrx_word' id='word_1_512' title='bbox 709 2795 855 2837; x_wconf 86' lang='lat' dir='ltr'><strong>molles</strong></span> <span class='ocrx_word' id='word_1_513' title='bbox 885 2796 963 2836; x_wconf 87' lang='lat' dir='ltr'><strong>hos</strong></span> <span class='ocrx_word' id='word_1_514' title='bbox 989 2808 1134 2837; x_wconf 85' lang='lat' dir='ltr'><strong>versus</strong></span> <span class='ocrx_word' id='word_1_515' title='bbox 1164 2796 1439 2849; x_wconf 87' lang='lat' dir='ltr'><strong>spondiacum</strong></span> <span class='ocrx_word' id='word_1_516' title='bbox 1467 2794 1623 2835; x_wconf 86' lang='lat' dir='ltr'><strong>exitum</strong></span> <span class='ocrx_word' id='word_1_517' title='bbox 1656 2793 1803 2835; x_wconf 86' lang='lat' dir='ltr'><strong>decere</strong></span> <span class='ocrx_word' id='word_1_518' title='bbox 1827 2803 1955 2845; x_wconf 86' lang='lat' dir='ltr'><strong>nega·</strong></span> 
     </span>
    </p>
   </div>
  </div>
 </body>
</html>
