2028 3198
289 129 361 179 30
929 121 1103 168 ΠΛΑ
1119 119 1404 170 ΤΩΝΟΣ

286 285 387 333 μεν
406 266 469 319 ἓν
493 265 632 321 εἶναι
651 287 695 323 η
731 254 790 307 δὲ
823 255 1068 324 μέτρων,
1108 257 1198 308 καὶ
1227 275 1427 324 μερων.
1483 260 1616 320 Πως
1647 255 1700 310 δ’
1724 255 1824 323 οὕς
1845 255 1997 311 ’Ίσωι

284 343 414 400 οὔτε
441 369 493 401 τι
512 349 563 402 ἐ]
573 335 789 405 μέτρων
807 329 876 389 ὂν
896 336 987 391 καὶ
1006 335 1283 391 πλειόνων
1301 337 1392 392 καὶ
1416 335 1752 407 ἐλαττόνων,
1774 339 1864 392 καὶ
1885 335 2010 406 ἀρι-

283 430 445 489 σίαις·
482 422 708 471 ε’λαττον
737 411 807 469 ἂν
835 415 927 471 καὶ
946 416 1115 471 πλέον
1134 423 1216 486 εἴη
1238 414 1374 472 αυτό
1393 437 1452 472 τε
1473 415 1650 474 αὑτοῦ
1668 420 1759 474 καὶ
1778 424 1891 473 τῶν
1910 417 2010 472 ἵέλ-

280 510 463 574 ἐχομν,
497 498 588 552 καὶ
609 504 732 554 ἴσον
756 494 907 571 αὐτῷ
928 517 987 552 τε
1006 499 1229 562 καὶτοῖς
1253 496 1439 563 ἄλλοις
1455 498 1593 555 κατὰ
1613 497 1799 555 ταύτά.
1852 504 2010 564 Πῶς;

278 586 520 650 δῺνπερ
549 578 736 650 μεῖζόν
766 581 878 634 ἐστι
890 621 905 649 ,
945 579 1221 635 πλειόνων
1240 600 1350 635 που
1369 582 1460 636 καὶ
1478 584 1694 651 μέτρων
1713 577 1784 637 ἂν
1805 590 1886 653 εἴη
1906 580 2010 636 αὐ-

320 669 459 717 τῶν·
487 660 640 716 ὅσων
659 661 717 717 δὲ
736 662 968 732 μέτρων,
993 662 1084 717 καὶ
1106 666 1317 731 μερῶν·
1345 663 1437 718 καὶ
1459 655 1540 718 ὦν
1560 666 1801 734 ἔλαττον,
1823 662 2008 719 ὡσαύ-

319 754 431 810 τωὲ
441 738 474 776 ²*
488 747 580 800 καὶ
600 737 681 808 οἷς
700 751 850 814 ἴσον,
882 741 1019 798 κατὰ
1040 741 1226 798 ταύτά.
1286 742 1496 808 Οὕτως.
1556 742 1786 800 Οὐκοῦν
1807 745 2007 800 ἑαυτοῦ

319 829 502 897 μεῖζον
531 827 624 881 καὶ
659 830 885 881 ἔλαττον
914 821 982 881 ὂν
1012 826 1099 881 καὶ
1133 832 1257 880 ἴσον
1287 833 1426 881 ἴσων
1455 821 1529 880 ἄν
1561 834 1642 896 εἴη
1672 827 1887 896 μέτρων
1918 827 2008 880 καὶ

239 920 289 965 'D
321 907 596 963 πλειόνων
632 909 724 962 καὶ
760 907 1071 963 ἐλαττόνων
1107 904 1280 982 αὑτῷ·
1328 907 1512 978 ἐπειδὴ
1547 910 1606 963 δὲ
1636 911 1878 979 μέτρων,
1916 910 2008 964 καὶ

318 994 532 1061 μερῶν;
568 993 698 1052 Πῶς
718 986 767 1043 δ’
792 987 1060 1056 οὔςἼσων
1081 989 1183 1060 μὲν
1203 988 1310 1058 ἄρα
1327 996 1514 1059 μερῶν
1533 985 1603 1045 ὂν
1621 987 1775 1062 αὐτῷ
1794 998 1917 1046 ἴσον
1937 989 2007 1045 ἄν

317 1069 379 1127 τὸ
412 1076 629 1142 πλῆθος
658 1068 809 1146 αὐτῷ
842 1079 952 1142 εἴη,
992 1070 1266 1127 πλειόνων
1296 1070 1354 1127 δὲ
1384 1075 1578 1141 πλέον,
1618 1072 1927 1127 ἐλαττόνων
1948 1072 2006 1127 δὲ

318 1158 544 1209 ἔλαττον
563 1150 663 1208 τὸν
684 1151 931 1224 ἀριθμὸν
951 1152 1141 1209 αὑτοῦ.
1190 1158 1464 1209 Φαίνεται.
1508 1151 1738 1208 Οὐκοῦν
1757 1156 1848 1208 καὶ
1868 1152 2006 1225 πρὸς

316 1229 489 1291 τᾶλλα
516 1233 779 1299 ὡσαύτως
808 1236 914 1301 ἕξει
943 1233 1003 1291 τὸ
1039 1237 1126 1290 ἕν·
1166 1234 1251 1289 ὅτι
1279 1238 1382 1305 μὲν
1401 1239 1584 1304 μεῖζον
1604 1233 1790 1290 αὐτῶν
1810 1242 2005 1306 φαίνε-

314 1338 430 1387 ται,
471 1313 685 1387 άνάγκη
718 1318 887 1371 πλέον
917 1315 1056 1371 εἶναι
1086 1318 1178 1371 καὶ
1202 1314 1304 1371 τὸν
1325 1313 1569 1386 ἀριθμὸν
1589 1314 1801 1371 αὐτῶν·
1839 1314 1922 1371 ὅτι
1947 1316 2004 1372 δὲ

315 1398 708 1469 σμικρότερον,
748 1402 998 1453 ἔλαττον·
1035 1395 1120 1453 ὅτι
1152 1398 1211 1454 δὲ
1241 1406 1366 1454 ἴσον
1393 1400 1643 1469 μεγέθει,
1686 1405 1810 1454 ἴσον
1828 1399 1919 1453 καὶ
1939 1397 2000 1453 τὸ

313 1485 528 1551 πλῆθος
544 1477 682 1535 εἶναι
697 1491 808 1544 τοῖς
827 1477 1041 1546 &Mons-3
1066 1478 1321 1551 Ἀνάγκη.
1363 1478 1527 1535 Οὕτω
1548 1478 1612 1551 δὴ
1635 1472 1725 1549 αὖ,
1749 1475 1820 1543 ὡς
1840 1482 2000 1547 ἔοικε,
2026 1537 2028 1539 .

253 1579 284 1619 Ε
313 1560 374 1617 τὸ
414 1564 476 1617 ἓν
494 1563 585 1618 καὶ
603 1570 729 1618 ἴσον
748 1563 835 1617 καὶ
858 1564 1028 1617 πλέον
1049 1564 1140 1617 καὶ
1159 1566 1385 1618 ἔλαττον
1402 1558 1502 1617 τὸν
1520 1557 1769 1632 άρνθμὸν
1789 1558 1925 1615 αὐτό
1943 1582 2001 1615 τε

315 1640 490 1699 αὑτοῦ
510 1647 659 1699 ἔσται
683 1645 906 1699 καὶτῶν
925 1643 1123 1700 ἄλλων.
1165 1643 1363 1699 Ἔσται.

454 1730 588 1780 ΧΙΧ.
657 1718 775 1794 Ἆρ’
799 1719 904 1779 οὖν
923 1727 1013 1781 καὶ
1031 1724 1238 1795 χρόνου
1257 1728 1463 1796 μετέχει
1480 1721 1541 1779 τὸ
1561 1725 1651 1794 ἕν,
1688 1725 1780 1779 καὶ
1810 1726 1929 1779 ἐστί
1942 1745 1999 1778 τε

311 1807 404 1861 καὶ
432 1811 679 1877 γίγνεται
708 1805 981 1877 νεώτερόν
998 1827 1056 1860 τε
1077 1808 1168 1861 καὶ
1187 1807 1566 1878 πρεσβύτερον
1585 1803 1724 1861 αὐτό
1743 1827 1802 1861 τε
1823 1803 1999 1861 αὑτοῦ

310 1888 402 1943 καὶ
437 1894 549 1942 τῶν
588 1886 801 1959 ἄλλων,
853 1888 944 1942 καὶ
982 1886 1110 1942 οὔτε
1147 1887 1422 1958 νεώτερον
1457 1886 1584 1942 οὔτε
1621 1887 1999 1959 πρεσβύτερον

309 1967 439 2024 οὔτε
464 1970 666 2025 ἑαυτοῦ
685 1967 813 2035 οὔτε
836 1975 949 2024 τῶν
969 1968 1180 2039 ἄλλων,
1201 1969 1410 2041 χρόνου
1429 1969 1679 2040 μετέχον;
1711 1975 1868 2037 Πῶς;
1898 1968 2000 2025 Εἷ-

308 2073 402 2106 ναι
426 2054 528 2122 μέν
560 2072 670 2107 που
703 2049 852 2124 αὐτῷ
873 2048 1132 2122 ὑπάρχει,
1175 2059 1326 2120 εἴπερ
1346 2054 1409 2107 ἓν
1428 2056 1593 2107 ἔστιν.
1649 2056 1777 2106 Ναί.
1839 2049 1914 2106 Τὸ
1940 2054 1999 2106 δὲ

309 2132 450 2189 εἶναι
461 2131 595 2190 άλλο
619 2155 670 2189 τι
662 2129 882 2190 ’ἐστιν’
855 2156 888 2204 η
911 2136 1128 2204 μέθεξις
1141 2131 1333 2198 οὐσίας
1352 2131 1485 2204 μετὰ
1504 2132 1712 2203 χρόνου
1730 2139 1833 2189 τοῦ
1853 2153 1994 2204 παρ-

195 2233 278 2277 152
306 2215 494 2286 όντος,
535 2214 719 2285 ω’σπερ
749 2216 810 2271 τό
841 2218 914 2286 ἦν
941 2237 1074 2287 μετα
1108 2221 1211 2271 τοῦ
1250 2214 1704 2285 παρεληλυθότος
1731 2217 1822 2270 καὶ
1842 2237 1914 2270 αυ
1932 2215 1991 2270 τὸ

307 2300 458 2351 ἔσται
494 2295 630 2368 μετὰ
666 2305 769 2353 τοῦ
805 2299 1099 2367 μέλλοντος
1136 2293 1326 2361 οὐσίας
1365 2297 1478 2351 ἐστὶ
1515 2301 1809 2362 κοινωνίας
1841 2295 1991 2351 Ἔστι

306 2378 430 2449 γάρ.
468 2382 702 2450 Μετέχει
720 2382 822 2450 μὲν
842 2379 949 2448 άρα
966 2380 1199 2451 χρόνον,
1222 2387 1372 2450 εἴπερ
1393 2379 1482 2434 καὶ
1500 2385 1600 2434 τοῦ
1623 2377 1778 2436 εἶναι.
1826 2378 2020 2434 Πάνυ

305 2481 384 2529 γε.
446 2458 676 2516 Οὔκουν
712 2463 1096 2533 πορευομένου
1133 2468 1238 2517 τοῦ
1271 2460 1507 2534 χρόνους
1544 2465 1673 2517 Ναί.
1742 2459 1847 2516 Ἀεὶ
1882 2458 2028 2532 άρα
2011 2497 2028 2541 i

306 2540 685 2613 πρεσβύτερον
728 2548 971 2612 γίγνεται
1019 2545 1246 2614 ἑαυτοῦ,
1299 2552 1450 2614 εἴπερ
1490 2545 1812 2614 προέρχεται
1849 2564 1987 2598 κατα
2022 2564 2025 2566 ·

303 2622 524 2694 χρόνον.
568 2623 821 2695 Ἀνάγκη.
859 2618 977 2694 Αρ’
1000 2630 1107 2682 οὐν
1124 2626 1480 2699 μεμνήμεθα,
1505 2623 1589 2680 ὅτι
1607 2628 1880 2694 νεωτέρου
1900 2645 1988 2692 γι-
2025 2619 2028 2675 J

303 2707 580 2776 γνομένου
615 2703 675 2760 τὸ
717 2707 1092 2780 πρεσβύτερον
1128 2708 1509 2780 πρεσβύτερον
1539 2716 1814 2777 γίγνεται;
1862 2711 1986 2761 Με-

241 2801 273 2841 Β
304 2784 575 2856 μνήμεθα.
637 2784 867 2842 Οὐκοῦν
897 2788 1081 2859 ἐπειδὴ
1115 2789 1493 2860 πρεσβύτερον
1525 2789 1726 2843 ἑαυτοῦ
1745 2795 1983 2858 γίγνεται
