2028 3198
315 31 333 44 ὁ
415 0 511 38 fw-
467 23 478 27 v
515 0 778 48 Ψζυζῖ;*”,ί’ῗὲ,ιῖ
791 0 906 47 zm
927 0 1027 28 τάδη·
1047 0 1051 3 ”
1087 15 1095 24 a
1145 0 1166 22 ⁷·-

468 39 470 42 ·
580 35 582 37 '
687 37 694 50 ἱ
752 47 754 49 .
795 34 802 40 *
882 39 894 47 Δ

290 56 301 63 “
548 65 554 74 a

2 141 11 151 ’
96 174 176 219 m
743 161 1123 212 ΦΑΙΔΡΟΣ.
1668 156 1774 208 259

230 305 353 357 ΣΩ.
410 296 569 355 Αὐτοὶ
598 301 701 367 μὲν
727 293 794 351 τὰ
823 293 1037 367 ῥήματα
1067 299 1239 351 εἰπεῖν
1274 291 1380 350 οὐκ
1414 290 1659 358 εὐπετές·
1701 290 1774 356 ὦς

92 383 151 439 δὲ
177 386 264 438 δεῖ
283 380 547 453 γράφειν,
587 384 639 436 εἰ
653 383 837 450 μέλλει
867 384 1126 448 τεχνικῶς
1145 382 1288 447 ἔχειν
1305 373 1439 433 καθ’
1463 374 1599 432 ὅσον
1618 375 1775 431 ἐνδέ-

90 487 241 537 χεται
253 506 268 532 ,
288 466 468 534 λέγειν
487 465 675 518 ἐθέλω.

231 551 381 601 ΦΑῙ.
438 548 578 616 Λέγε
598 546 682 616 δή.

229 634 355 685 LVI.
400 634 525 684 ΣΩ.
554 625 765 698 Ἐπειδὴ
787 626 961 698 λόγου
980 625 1215 696 δύναμις
1233 625 1492 696 τυγχάνει
1511 636 1774 695 ψυχαγω-

86 716 177 781 γία
197 705 355 781 οὖσα,
374 710 476 767 τὸν
498 715 767 783 μέλλοντα
786 706 1079 781 ῥητορικὸν
1097 712 1324 763 ἔσεσθαι
1342 705 1556 778 ἀνάγκη
1573 708 1775 762 εἰδέναι
1802 720 1839 761 D

88 794 234 865 ψυχὴ
256 793 359 850 ὅσα
380 797 497 866 εἴδη
519 798 640 865 ἔχει.
683 797 832 848 ἔστιν
851 785 956 847 οὖν
973 789 1109 846 τόσα
1127 791 1218 845 καὶ
1236 788 1400 858 τόσα,
1433 789 1526 844 καὶ
1543 800 1663 844 τοῖα
1683 790 1774 846 καὶ

87 886 206 931 τοῖα
222 896 233 906 ·
277 874 418 932 ὅθεν
438 876 611 947 οἱμὲν
628 887 764 930 τοῖοι
778 916 793 943 ,
832 877 888 929 oc
905 872 964 929 δὲ
983 885 1120 929 τοῖοι
1136 878 1447 944 γίγνονται-
1475 870 1692 927 τούτων
1714 874 1773 928 δὲ

89 957 157 1028 δὴ
196 961 569 1031 διῃρημένων,
618 958 803 1028 λόγων
842 949 916 1011 αὖ
951 954 1087 1011 τόσα
1133 957 1226 1011 καὶ
1271 953 1409 1012 τόσα
1449 959 1599 1010 ἔστιν
1635 959 1769 1027 εἴδη,

86 1040 307 1096 τοιόνδε
334 1041 584 1097 ἕκαστον.
617 1044 671 1095 οἱ
698 1039 800 1111 μὲν
820 1033 926 1095 οὖν
946 1041 1146 1094 τοιοίδε
1168 1035 1275 1094 ὑπὸ
1297 1043 1409 1094 τῶν
1426 1042 1655 1094 τοιῶνδε
1675 1038 1774 1094 λό-

88 1144 206 1195 γων
226 1121 316 1179 διὰ
336 1124 502 1195 τήνδε
531 1122 635 1195 τὴν
664 1127 846 1179 αἰτίαν
875 1126 951 1186 εἰς
978 1120 1044 1176 τὰ
1075 1120 1258 1177 τοιάδε
1289 1118 1591 1191 εὐπειθεῖς,
1630 1124 1686 1176 οἱ
1713 1121 1770 1176 δὲ

90 1209 290 1261 τοιοίδε
325 1204 415 1260 διὰ
444 1205 573 1261 τάδε
607 1209 948 1268 δυσπειθεῖς·
989 1208 1076 1260 δεῖ
1102 1203 1167 1276 δὴ
1199 1211 1370 1260 ταῦτα
1401 1206 1606 1268 [κανῶς
1634 1202 1771 1274 νοή-

90 1303 290 1358 σαντα,
319 1286 453 1358 μετά
473 1293 645 1343 ταῦτα
663 1287 958 1358 θεώμενον
979 1285 1119 1342 αὐτὰ
1140 1290 1201 1343 ἐν
1219 1300 1333 1351 ταῖς
1351 1287 1618 1357 πράξεσιν
1637 1286 1772 1342 ὄντα

88 1390 146 1423 τε
166 1369 257 1423 καὶ
285 1369 660 1439 πραττόμενα,
701 1366 867 1435 ὀξέως
893 1374 959 1442 τῇ
990 1370 1248 1442 αἰσθήσει
1267 1370 1550 1426 δύνασθαι
1568 1372 1771 1425 ἐπακο-
1801 1386 1835 1427 Ε

90 1458 336 1521 λουθεῖν,
357 1447 394 1521 ἦ
422 1453 593 1523 μηδὲν
623 1450 765 1506 εἷναί
780 1471 865 1506 πω
885 1452 1054 1507 πλέον
1075 1450 1223 1526 αὐτῷ
1248 1445 1327 1508 ὦν
1346 1453 1468 1509 τότε
1485 1451 1658 1525 ἤκουε
1677 1451 1774 1508 λό-

90 1555 206 1604 γων
236 1534 434 1599 ξυνών.
478 1533 614 1590 ὅταν
644 1534 702 1590 δὲ
724 1540 896 1591 εἰπεῖν
925 1555 980 1589 τε
1002 1537 1203 1600 ἱκανῶς
1223 1539 1341 1606 ἔχῃ,
1380 1530 1494 1600 οἷος
1513 1532 1618 1607 ὑφ’
1639 1538 1774 1591 οἴων

90 1624 365 1687 πείθεται,
405 1617 887 1688 παραγιγνόμενόν
915 1638 972 1672 τε
1002 1611 1292 1715 δυνατὸς
1256 1639 1291 1690 η
1314 1616 1775 1691 διαισθανόμενος

91 1702 269 1771 εαυτῷ
304 1700 722 1770 ἐνδεικνυσθαι,
765 1698 850 1755 ότι
888 1693 1052 1766 ουτός
1090 1704 1204 1757 ἐστι
1235 1704 1324 1758 καὶ
1354 1701 1494 1774 αὕτη
1520 1701 1555 1775 ἡ
1586 1703 1772 1774 φύσις,
1802 1716 1890 1764 272

90 1773 267 1848 περὶ
229 1803 295 1853 ης
312 1780 433 1837 τότε
454 1775 596 1852 ἦσαν
615 1786 671 1838 οἱ
687 1781 857 1853 λόγοι,
879 1790 987 1838 νῦν
1004 1788 1145 1858 ἔργῳ
1164 1785 1420 1854 παροῦσά
1440 1789 1521 1856 οἱ,
1550 1778 1587 1859 ᾗ
1607 1806 1774 1855 προς-

90 1865 306 1919 οιστέον
337 1864 535 1920 τούσδε
570 1858 679 1921 ωδε
708 1863 839 1930 τούς
874 1866 1077 1935 λόγους
1105 1867 1193 1922 ἐπὶ
1221 1865 1323 1938 τὴν
1363 1872 1541 1925 τῶνδε
1571 1870 1770 1941 πειθώ,

90 1952 260 2002 ταῦτα
298 1946 355 2001 δε
387 1945 492 2018 ἥδη
534 1947 713 2002 πάντα
751 1951 955 2018 ἔχοντι,
994 1951 1370 2023 προσλαβόντι
1407 1974 1635 2023 καιρους
1671 1961 1774 2009 τοῦ

88 2028 220 2085 πότε
238 2031 462 2085 λεκτέον
481 2032 569 2085 καὶ
590 2031 919 2101 ἐπισχετέον,
939 2037 1306 2104 βραχυλογίας
1323 2056 1380 2090 τε
1402 2029 1476 2090 αὖ
1495 2038 1586 2093 καὶ
1606 2041 1774 2093 ἐλεει-

91 2118 343 2181 νολογίας
363 2113 453 2167 καὶ
475 2112 780 2177 δεινώσεως
799 2112 1045 2169 ἑκάστων
1063 2136 1119 2169 τε
1141 2113 1231 2169 ὅσ’
1261 2111 1332 2170 ἄν
1364 2119 1480 2188 εἴδη
1498 2118 1656 2191 μάθῃ
1675 2118 1773 2175 λό-

90 2213 233 2263 γων,
270 2192 485 2248 τούτων
522 2192 624 2264 τὴν
653 2192 940 2264 εὐκαιρίαν
970 2218 1026 2251 τε
1056 2198 1144 2252 καὶ
1172 2195 1430 2267 άκαιρίαν
1467 2200 1770 2273 διαγνόντι,

90 2281 272 2342 καλῶς
290 2297 347 2331 τε
369 2277 457 2332 καὶ
477 2279 671 2342 τελέως
699 2275 891 2333 ἐστὶν
868 2301 896 2348 η
921 2282 1074 2351 τέχνη
1099 2278 1532 2354 ἀπειργασμένη,
1571 2283 1770 2354 πρότε-

28 2384 31 2385 ’
90 2382 194 2427 ρον
222 2356 275 2414 δ’
308 2357 402 2413 οὔ
445 2355 568 2414 ἀλλ’
601 2356 633 2413 ὅ
662 2380 713 2414 τι
733 2355 804 2413 ἇν
823 2358 1009 2416 αὐτων
1029 2384 1108 2426 τις
1127 2365 1343 2438 ἐλλείπη
1362 2368 1539 2436 λεγων
1556 2364 1593 2437 ἦ
1612 2366 1832 2425 dodoi-13

0 2456 36 2507 Γἰ
90 2459 240 2496 σκων
272 2436 307 2512 ἦ
336 2440 599 2510 γράφων,
638 2446 717 2514 φῇ
749 2444 806 2497 δὲ
837 2446 995 2516 τέχνῃ
1026 2446 1232 2516 λέγειν,
1272 2444 1300 2502 ὁ
1331 2447 1404 2519 μή
1434 2449 1770 2521 πειθόμενος

28 2561 45 2602 3
90 2534 291 2593 κρατεῖ.
315 2529 369 2576 τί
385 2521 451 2592 δή
474 2515 608 2588 οὖν;
646 2524 811 2593 φήσει
832 2533 961 2591 loc-29
981 2523 1009 2581 ὁ
1031 2529 1399 2600 συγγραφεύς,
1423 2554 1465 2586 ω
1447 2524 1695 2603 Φαῖδρέ
1710 2555 1766 2587 τε

89 2606 181 2662 καὶ
199 2605 511 2672 Σώκρατες,
534 2608 685 2661 δοκεῖ
704 2604 907 2674 οὕτως;
940 2604 973 2680 ἢ
992 2609 1172 2676 ἄλλως
1191 2632 1305 2677 πως
1324 2610 1658 2670 ἀποδεκτέον
1678 2622 1770 2671 λε-

89 2688 323 2758 γομένης
346 2687 527 2757 λόγων
547 2691 761 2760 τέχνηςς

231 2775 380 2827 ΦΑΙ.
432 2767 737 2827 Ἀδύνατόν
755 2794 891 2839 που,
930 2769 973 2829 ὦ
994 2774 1314 2845 Σώκρατες,
1350 2774 1553 2842 ἄλλως·
1593 2785 1766 2837 καίτοι

93 2850 161 2906 οὐ
185 2854 419 2924 σμικρόν
438 2876 495 2923 γε
520 2861 768 2923 φαίνεται
793 2860 969 2927 ἔργον.

1423 2943 1472 2987 17
1489 2936 1510 2963 *
