2028 3198
314 148 414 199 182
913 147 1388 196 ΠΛΑΤΩΝΟΣ
1931 160 1988 200 44

194 297 281 342 208
309 287 410 351 ἔτι,
451 279 536 336 ὅτι
565 302 653 335 και
683 283 746 335 αἱ
770 281 1058 350 ἐπιστῆμαι
1085 278 1159 350 μὴ
1194 301 1280 335 οτι
1311 284 1372 336 αἰ
1385 285 1487 351 μὲν
1505 288 1814 352 γίγνονται,
1853 307 1907 339 αι
1897 284 2021 340 ‘ds

309 364 653 419 ἀπόλλυνται
671 360 805 434 ἡμῖν
820 405 834 431 ,
873 364 964 417 καὶ
982 361 1251 419 οὐδέποτε
1268 365 1326 418 oc
1341 362 1504 420 αὐτοί
1518 368 1682 436 ἐσμεν
1701 363 1831 422 οὐδε
1849 359 2023 421 κατὰ

307 445 404 511 τάς
425 445 749 518 ἐπιστήμας,
789 443 927 500 ἀλλά
948 447 1039 500 καὶ
1058 450 1154 515 μία
1173 443 1370 515 ἑκάστη
1390 452 1502 501 τῶν
1520 449 1834 519 ἐπιστημῶν
1852 443 2014 506 ταύ-ζῖ·

307 529 408 584 τὸν
427 528 635 598 πάσχει.
676 524 706 582 ὃ
727 524 837 597 γὰρ
856 534 1099 582 καλεῖται
1116 533 1375 598 μελετᾶν,
1399 526 1472 593 ὠς
1490 531 1742 602 ἐξιούσης
1761 533 1873 586 ἐστι
1892 537 1989 601 τῆς
2011 553 2028 642 q

307 611 631 682 ἐπιστήμης·
671 609 819 681 λήθη
839 609 944 678 γὰρ
966 609 1260 680 ἐπιστήμης
1282 612 1490 679 ἔξοδος,
1528 616 1721 684 μελέτη
1743 615 1802 667 δὲ
1821 606 2028 667 πάλιν

308 692 510 765 καινὴν
539 695 845 764 ἐμποιοῦσα
874 689 996 745 ἀντὶ
1025 696 1120 760 τῆς
1149 688 1420 762 ἀπιούσης
1448 693 1672 764 μνήμην
1700 694 1857 761 σώζει
1885 695 1988 765 τὴν

307 775 635 845 ἐπιστήμην,
676 773 815 828 ὥστε
844 770 947 843 τὴν
977 769 1154 842 αὐτὴν
1175 776 1359 829 δοκεῖν
1377 772 1530 829 εἶναι.
1589 776 1766 850 τούτῳ
1785 777 1891 846 γὰρ
1911 783 2009 850 τῷ

306 857 493 931 τρόπῳ
520 863 631 911 πᾶν
653 853 714 910 τὸ
737 852 953 925 θνητὸν
972 854 1222 922 σώζεται,
1253 853 1321 910 οὐ
1341 863 1418 929 τῷ
1436 857 1751 913 παντάπασι
1767 856 1828 914 τὸ
1851 858 1984 914 αυτό

243 953 276 993 Β
309 936 391 994 ἀεὶ
411 937 551 993 εἶναι
572 936 758 1005 ὥσπερ
776 934 836 991 τὸ
860 943 1047 1007 θεῖον,
1087 934 1226 992 ἀλλὰ
1245 944 1324 1011 τῷ
1342 937 1402 992 τὸ
1425 937 1591 995 ἀπιὸν
1610 941 1701 996 καὶ
1719 940 1989 996 παλαιού-

307 1043 478 1092 μενον
496 1023 687 1091 ε’τερον
706 1021 836 1074 νέον
861 1021 1274 1088 ἐγκαταλείπειν
1291 1016 1412 1075 οἷον
1434 1019 1567 1076 αὐτὸ
1592 1015 1677 1092 ἦν.
1730 1023 1901 1094 ταύτῃ
1921 1029 2028 1093 τῇ
2016 1009 2028 1049 ‘⁵'

307 1109 550 1176 μηχανῇ,
591 1124 633 1157 ω
654 1101 973 1171 Σώκρατες,
1016 1103 1150 1171 ἔφη,
1189 1100 1403 1172 θνητὸν
1432 1101 1742 1170 ἀθανασίας
1762 1110 2019 1176 μετέχει,
2013 1088 2028 1135 ‘¹

306 1188 398 1243 καὶ
425 1193 583 1257 σῶμα
613 1186 706 1241 καὶ
735 1178 907 1239 τᾶλλα
940 1183 1147 1237 πάντα·
1187 1182 1470 1239 ἀδύνατον
1489 1185 1547 1241 δε
1578 1185 1734 1260 άλλη.
1790 1187 1862 1259 μὴ
1884 1191 2010 1243 οὐν

305 1268 574 1340 θαύμαζε,
597 1273 646 1324 εἰ
661 1268 722 1324 τὸ
746 1265 919 1322 αὑτοῦ
935 1265 1331 1338 ἀποβλάστημα
1353 1265 1520 1335 φύσει
1538 1273 1651 1322 πᾶν
1664 1290 1820 1342 τιμα·
1841 1268 1989 1324 ἀθα-

307 1357 501 1415 νασίας
523 1350 631 1420 γὰρ
653 1350 815 1421 χάριν
835 1351 998 1405 παντὶ
1018 1348 1156 1419 αὕτη
1176 1346 1210 1419 ἡ
1234 1346 1448 1420 σπουδὴ
1470 1351 1559 1405 καὶ
1579 1347 1608 1404 ὁ
1633 1354 1767 1421 ἔρως
1788 1352 1983 1407 ἕπεται.

446 1439 652 1490 XXVII.
730 1433 840 1487 Καὶ
869 1432 973 1502 ἐγὼ
1007 1430 1253 1495 ἀκούσας
1280 1430 1378 1486 τὸν
1410 1429 1578 1501 λόγον
1606 1433 1901 1504 ἐθαύμασα
1930 1455 1987 1488 τε

307 1517 398 1571 καὶ
417 1515 574 1572 εἶπον
596 1515 757 1586 Εἶεν,
794 1510 866 1586 ἦν
887 1513 936 1570 δ’
962 1514 1094 1585 ἐγώ,
1135 1507 1179 1568 ὦ
1204 1513 1496 1584 σοφωτάτη
1514 1519 1778 1585 Διοτίμα,
1815 1522 1987 1570 ταῦτα

244 1613 281 1658 G
310 1595 382 1664 ὡς
410 1597 636 1670 ἀληθῶς
665 1597 842 1663 οὕτως
870 1603 1001 1668 ἔχεις
1034 1599 1124 1652 καὶ
1142 1595 1204 1666 η’,
1246 1594 1430 1665 ὥσπερ
1450 1598 1507 1650 oc
1521 1597 1694 1651 τέλεοι
1714 1604 1986 1667 σοφισταί,

306 1675 394 1736 Εὖ
422 1689 571 1751 ἴσθι,
610 1685 716 1752 ε”φη
732 1724 746 1750 ,
787 1675 832 1736 ὦ
850 1681 1170 1751 Σώκρατες’
1209 1679 1323 1733 ἐπεὶ
1351 1679 1442 1733 καὶ
1460 1684 1572 1732 τῶν
1596 1677 1919 1748 ἀνθρώπων
1941 1686 1986 1735 εἰ
2004 1699 2014 1718 ⁶·

306 1765 517 1828 ἐθέλεις
538 1767 613 1828 εἰς
629 1761 732 1834 τήν
753 1769 1069 1834 φιλοτιμίαν
1088 1766 1311 1834 βλέψαι,
1332 1761 1636 1831 θαυμάζοις
1656 1757 1725 1815 ἀν
1743 1768 1837 1832 τῆς
1856 1760 1986 1816 ἀλο-

306 1852 427 1917 γιάς
446 1850 597 1917 πέρι,
620 1842 654 1900 ὁὶ
675 1847 780 1916 ἐγώ
802 1855 992 1917 εἴρηκα
1012 1843 1150 1915 εἰμὴ
1171 1848 1401 1913 ἐννοεῖς,
1423 1846 1762 1915 ἐνθυμηθεὶς
1784 1843 1856 1908 ὡς
1877 1847 1987 1899 δει-

307 1935 418 1992 νῶς
449 1928 751 1983 διάκεινται
781 1933 942 1996 ἔρωτι
973 1934 1075 1982 τοῦ
1106 1926 1402 1997 ὀνομαστοὶ
1429 1930 1693 1997 γενέσθαι
1722 1929 1814 1981 καὶ
1832 1928 1986 1989 κλέος
2015 1974 2021 1994 ,

308 2017 384 2076 εἰς
412 2011 514 2067 τὸν
542 2011 624 2067 ἀεὶ
643 2011 849 2082 χρόνον
867 2010 1155 2066 ἀθάνατον
1174 2011 1547 2079 καταθέσθαι,
1587 2010 1678 2063 καὶ
1697 2006 1835 2077 ὑπὲρ
1855 2009 1990 2063 τού-
2023 1998 2028 2004 ’

307 2116 407 2150 του
425 2094 728 2158 κινδύνους
746 2115 803 2149 τε
823 2093 1173 2149 κινδυνεύειν
1190 2092 1399 2161 ἕτοιμοί
1411 2097 1514 2147 εἰσι
1531 2091 1739 2155 πάντας
1755 2094 1833 2145 ἔτι
1847 2097 1989 2161 μᾶλ-
2025 2131 2028 2147 .

239 2195 275 2235 D
307 2183 408 2232 λον
437 2173 472 2246 ἢ
503 2174 642 2246 ὑπὲρ
662 2184 775 2231 τῶν
794 2181 1037 2245 παίδων,
1076 2177 1167 2230 καὶ
1186 2172 1416 2246 χρήματ’
1438 2172 1756 2229 ἀναλίσκειν
1775 2176 1866 2228 καὶ
1885 2173 1990 2228 πό-
2014 2149 2028 2246 ἑ

307 2280 442 2323 νους
462 2270 653 2314 πονεῖν
673 2256 1043 2314 οὑστινασοῦν
1061 2259 1151 2314 καὶ
1170 2256 1710 2326 ὑπεραποθνήσκειν.
1757 2257 1870 2310 ἐπεὶ
1891 2262 1990 2310 οἴει

311 2341 410 2410 σύ,
433 2339 855 2412 ἔφη,’Ἀλκηστι-ν
874 2339 1016 2411 ὑπὲρ
1033 2338 1303 2412 Ἀδμήτου
1324 2338 1636 2395 ἀποθανεῖν
1655 2337 1743 2409 ἄν,
1764 2335 1800 2409 ἢ
1813 2336 2028 2406 'Ama-2

310 2427 405 2477 λέα
425 2424 729 2498 Πατρόκλῳ
761 2427 1169 2493 ἐπαποθανεῖν,
1206 2421 1242 2495 ἢ
1275 2431 1700 2497 προαποθανεῖν
1726 2419 1825 2476 τὸν
1853 2417 2023 2497 ὑμέ-ἷ-

310 2526 473 2574 τερον
492 2505 719 2573 Κόδρον
737 2504 879 2577 ὑπὲρ
898 2513 994 2578 τῆς
1012 2513 1290 2578 βασιλείας
1310 2512 1424 2561 τῶν
1442 2507 1683 2572 παίδων,
1713 2502 1788 2572 μὴ
1808 2504 2017 2571 οίομέ-ὶ·

311 2609 446 2652 νους
476 2585 764 2643 ἀθάνατον
794 2590 1017 2660 μνήμην
1049 2588 1244 2659 ἀρετῆς
1271 2591 1395 2659 πέρι
1424 2590 1637 2644 ἑαυτῶν
1657 2591 1899 2654 ἔσεσθαι,
1920 2582 2028 2654 ἣνςῆ

310 2676 421 2725 νῦν
437 2667 591 2740 ἡμεῖς
609 2674 832 2740 ἔχομεν;
874 2678 1085 2728 πολλοῦ
1103 2693 1165 2742 γε
1185 2675 1292 2742 δεῖ,
1325 2677 1458 2741 ἔφη,
1489 2668 1615 2725 ἀλλ’
1616 2667 1829 2738 ,οἶμαι,
1852 2664 1998 2735 ὑπερ
2025 2648 2028 2707 3

311 2750 508 2822 ἀρετῆς
543 2751 837 2808 ἀθανάτου
875 2755 965 2809 καὶ
1003 2754 1258 2823 τοιαύτης
1298 2753 1458 2822 δόξης
1493 2750 1754 2814 εὐκλεοῦς
1791 2750 2014 2812 πάντες

247 2849 281 2891 Ε
312 2835 493 2890 πάντα
515 2841 796 2906 ποιοῦσιν,
819 2832 932 2889 ὅσω
954 2831 1026 2889 ἀν
1045 2833 1305 2905 ἀμείνους
1326 2837 1456 2903 ωσι,
1485 2831 1731 2887 τοσούτω
1753 2838 1991 2902 μαλλον·
