2028 3198
237 340 270 379 E

192 666 268 709 ‚83

302 111 402 164 159.
548 164 550 166 ,
604 144 606 148 ,
897 109 1370 158 ΠΛΑΤΩΝΟΣ
1908 95 1980 160 '14

303 254 484 310 λευσις
526 251 596 317 τῷ
628 247 824 315 ἐρῶντι
861 242 1009 346 παρὰ
1047 241 1274 297 πάντων
1321 243 1644 314 θαυμαστή,
1684 242 1784 313 οὐχ
1822 241 1896 308 ῶς
1932 266 1977 298 τι

302 326 527 397 αἰσχρὸν
556 332 833 393 ποιοῦντι,
876 325 966 379 καὶ
1004 324 1181 379 ἑλόντι
1213 323 1386 379 καλὸν
1418 329 1574 380 δοκεῖ
1605 324 1744 379 εἶναι
1782 327 1870 379 καὶ
1908 323 1979 394 μὴ

300 409 478 464 ἑλόντι
510 406 768 477 αἰσχρόν,
810 407 900 460 καὶ
931 403 1067 473 πρὸς
1094 403 1154 459 τὸ
1183 407 1472 476 ἐπιχειρεῖν
1493 409 1636 462 ἑλεῖν
1667 409 1920 472 ἐξουσίαν
1947 401 1975 458 ὁ

298 489 464 559 νόμος
481 490 685 544 δέδωκε
699 493 775 542 τῶ
793 485 992 558 ἐραστῇ
1008 486 1341 556 θαυμαστὰ
1322 493 1453 557 ἔργα
1471 491 1808 563 ἐργαζομένῳ
1826 490 1979 543 ἐπαι-

299 579 548 642 νεῖσθαι,
588 568 622 624 ὁὶ
657 577 814 634 εἴτις
843 568 1061 641 τολμςόη
1086 579 1262 624 ποιεῖν
1292 568 1414 625 αλλ’
1440 567 1631 625 ὁτιοῦν
1650 570 1866 625 διωκων
1889 568 1977 622 καὶ

297 652 637 724 βουλόμενος
658 651 1063 749 διαπράξασθαι
1087 649 1233 720 πλὴν
1255 657 1453 720 [τοῦτο]
1486 656 1883 721 φιλ[οσοφ]ιάς,
1913 648 1976 703 τὰ

300 735 526 805 μέγιστα
556 730 809 804 καρποῖτ’
843 727 915 787 ὀίν
944 730 1144 802 ὀνείδη.
1188 737 1236 787 εί
1261 731 1368 802 γὰρ
1387 729 1423 802 ἢ
1444 733 1689 804 χρήματα
1707 730 1979 803 βουλόμε-

302 838 397 881 νος
417 815 566 887 παρά
585 837 685 871 του
705 821 894 886 λαβεῖν
923 810 961 884 ἠ
988 812 1163 884 ἀρχὴν
1183 813 1385 885 ἄρξαι’
1364 815 1397 884 η’
1415 813 1522 869 τιν’
1549 812 1720 883 ἄλλην
1742 811 1981 881 δύναμιν

302 901 486 954 ἐθέλοι
508 909 686 953 ποιεῖν
707 892 900 967 οἷάπερ
923 899 979 950 οἰ
996 898 1217 966 ἐρασταὶ
1236 895 1374 967 πρὸς
1393 894 1457 951 τὰ
1479 894 1729 965 παιδικά,
1755 898 1980 958 ικετείας

302 1002 358 1035 τε
382 981 472 1035 καὶ
502 978 879 1050 αντιβολήσεις
909 981 967 1033 ἐν
998 989 1115 1043 ταῖς
1145 979 1361 1049 δεήσεσι
1391 978 1736 1048 ποιούμενοι,
1764 979 1852 1030 καὶ
1883 974 1979 1043 ὅρ-

301 1083 434 1126 κους
466 1059 762 1131 ὀμνύντες,
803 1062 894 1115 καὶ
923 1060 1202 1130 κοιμήσεις
1222 1062 1306 1114 ἐπὶ
1325 1060 1555 1130 θύραις,
1587 1061 1675 1113 καὶ
1696 1060 1979 1119 ἐθέλοντες

300 1148 551 1206 δουλείας
583 1142 872 1197 δουλεύειν
903 1144 1017 1205 οἵας
1049 1139 1171 1195 οὐδ’
1205 1139 1274 1196 ἄν
1297 1144 1494 1205 δοῦλος
1515 1140 1722 1210 οὐδείς,
1755 1142 1980 1209 ἐμποδί-

301 1229 443 1291 ζοιτο
465 1220 534 1278 ἂν
555 1222 627 1295 μὴ
650 1223 908 1292 πράττειν
929 1221 1074 1277 οὕτω
1093 1221 1197 1292 τὴν
1215 1227 1412 1290 πρᾶξιν
1433 1226 1521 1277 καὶ
1547 1220 1649 1277 ὑπὸ
1684 1227 1863 1291 φίλων
1893 1221 1979 1274 καὶ

301 1305 408 1363 ὑπὸ
433 1308 669 1376 ἐχθρῶν,
689 1312 800 1360 τῶν
819 1305 918 1375 μὲν
939 1303 1322 1369 ὀνειδιζόντων
1343 1310 1628 1368 κολακείας
1646 1304 1736 1358 καὶ
1756 1301 1976 1357 ἀνελευ-

302 1394 523 1458 θερίας,
564 1393 676 1442 τῶν
721 1388 779 1442 δὲ
817 1386 1248 1441 νουθετούντων
1278 1387 1369 1441 καὶ
1401 1387 1812 1456 αἰσχυνομένων
1842 1381 1977 1450 ὑπὲρ

303 1468 503 1525 αὐτοῦ·
533 1475 609 1543 τῷ
636 1467 690 1524 δ’
721 1471 917 1539 ἐρῶντι
947 1468 1125 1523 πάντα
1145 1474 1316 1522 ταῦτα
1337 1475 1588 1522 ποιοῦντι
1606 1468 1758 1537 χάρις
1778 1467 1977 1533 ἕπεται,

303 1554 391 1608 καὶ
419 1552 633 1607 δέδοται
663 1549 770 1606 ὑπὸ
805 1557 907 1606 τοῦ
936 1551 1115 1620 νόμου
1143 1549 1280 1605 ἄνευ
1310 1547 1562 1614 ὀνείδους
1591 1548 1874 1617 πράττειν,
1908 1544 1980 1609 ῶς

303 1633 590 1704 πάγκαλόν
619 1655 668 1688 τι
699 1639 922 1704 πρᾶγμα
956 1634 1441 1703 διαπραττομένου.
1480 1629 1511 1686 ὃ
1549 1630 1607 1686 δε
1644 1628 1977 1693 δεινότατον,

243 1767 256 1777 ,7
305 1715 376 1781 ῶς
395 1737 456 1786 γε
478 1716 735 1785 λέγουσιν
752 1738 802 1771 οι
791 1714 1071 1785 ’πολλοί,
1049 1714 1135 1770 ότι
1153 1716 1243 1771 καὶ
1262 1713 1493 1792 ὀμνύντι
1512 1712 1664 1786 μόνῳ
1684 1709 1979 1781 συγγνώμη

246 1973 275 2014 0

167 1806 176 1825 “·
193 1805 203 1810 “
227 1790 257 1841 3--
302 1795 450 1866 παρὰ
472 1803 625 1852 θεῶν
647 1796 870 1869 ἐκβαντι
890 1798 989 1852 τὸν
1008 1797 1205 1869 ὅρκον·
1247 1780 1577 1899 ἀφροδίσιον
1593 1815 1698 1863 γαρ
1720 1791 1891 1861 ὅρκον
1912 1786 1982 1843 Οὔ

304 1896 477 1949 φασιν
514 1877 677 1934 εἶναι·
726 1876 871 1934 οὕτω
910 1882 1000 1934 καὶ
1030 1882 1087 1933 οι
1113 1881 1234 1933 θεοὶ
1268 1879 1356 1933 καὶ
1387 1881 1443 1932 oc
1470 1875 1764 1945 ἄνθρωποι
1799 1878 1982 1927 πᾶσαν

306 1963 558 2026 ἐξουσίαν
577 1958 908 2030 πεποιήκασι
927 1964 1002 2032 τῷ
1036 1961 1256 2029 ἐρῶντι,
1297 1955 1368 2021 ῶς
1401 1956 1428 2011 ὁ
1462 1957 1631 2026 νόμος
1651 1956 1820 2023 φησὶν
1839 1950 1867 2007 6
1891 1955 1982 2006 ε’ν-

302 2040 460 2096 θάδε.
494 2039 665 2114 ταύτῃ
686 2041 788 2112 μὲν
807 2033 912 2095 οὖν
931 2045 1142 2111 οἰηθείη
1164 2037 1236 2094 ἄν
1264 2060 1343 2102 τις
1362 2036 1645 2108 πάγκαλον
1664 2037 1982 2104 νομίζεσθαι

303 2125 364 2178 ἐν
381 2125 511 2194 τῇδε
531 2127 599 2195 τῇ
619 2122 776 2178 πόλει
795 2119 964 2178 καὶτὸ
989 2124 1123 2195 ε’ρᾷν
1142 2122 1231 2175 καὶ
1256 2118 1315 2174 τὸ
1339 2124 1535 2190 φίλους
1562 2122 1854 2187 γίγνεσθαι
1871 2124 1983 2177 τοῖς

238 2253 259 2264 ,ι
304 2208 568 2273 ἐρασταῖς
604 2204 831 2261 ἐπειδὰν
853 2204 912 2261 δε
931 2201 1318 2274 παιδαγωγοὺς
1336 2200 1724 2271 ἐπιστήσαντες
1744 2200 1799 2251 οι
1818 2200 1983 2251 πατέ-

276 2284 285 2301 ”
304 2307 394 2358 ρες
414 2298 526 2351 τοῖς
550 2287 843 2359 ἐρωμένοις
866 2285 938 2358 μὴ
960 2289 1089 2341 ἐῶσι
1110 2288 1463 2356 διαλέγεσθαι
1477 2304 1607 2347 τους
1625 2279 1871 2352 ἐραστας,
1894 2280 1984 2333 καὶ

238 2544 271 2581 ἶ)

303 2375 380 2442 τῶ
401 2372 733 2442 παιδαγωγῶ
763 2376 935 2424 ταῦτα
956 2371 1402 2439 προστεταγμένα
1421 2369 1482 2438 ᾐ,
1512 2363 1794 2436 ἡλικιωται
1816 2363 1875 2415 δὲ
1894 2362 1984 2414 καὶ

303 2450 508 2519 ἑταῖροι
545 2449 910 2521 ὀνειδίζωσιν,
950 2450 1048 2506 ἐάν
1084 2472 1136 2505 τι
1178 2447 1350 2521 ὁρῶσι
1387 2453 1604 2503 τοιοῦτο
1633 2443 1983 2516 γιγνόμενον,

306 2533 396 2586 καὶ
428 2530 559 2596 τοῦς
590 2533 950 2598 ὀνειδίζοντας
981 2526 1055 2587 αὖ
1085 2535 1141 2587 οἱ
1163 2531 1527 2603 πρεσβύτεροι
1546 2526 1617 2600 μὴ
1642 2520 1983 2583 διακωλύωσι

304 2613 442 2684 μηδε
461 2617 791 2683 λοιδορῶσιν
811 2637 884 2678 ως
903 2612 1006 2669 οὐκ
1027 2611 1214 2684 ὀρθῶς
1234 2616 1520 2683 λέγοντας,
1544 2616 1619 2674 εἰς
1639 2611 1697 2665 δὲ
1715 2602 1885 2662 ταῦτα
1905 2625 1986 2664 τις
2015 2680 2018 2682 v

306 2689 380 2750 αὖ
409 2699 612 2767 βλέψας
641 2693 893 2767 ἡγήσαιτ’
923 2719 995 2751 αν
1022 2696 1189 2751 πάλιν
1219 2703 1499 2765 αἴσχιστον
1526 2690 1587 2748 τὸ
1617 2695 1856 2745 τοιοῦτοι
1891 2687 1983 2741 έν-

306 2777 447 2834 θάδε
471 2783 802 2849 νομίζεσθαι.
823 2775 882 2832 τὸ
906 2781 981 2847 δέ,
1004 2776 1170 2848 οἶμαι,
1192 2770 1285 2831 οἷδ’
1310 2781 1416 2845 ἔχει
1431 2796 1441 2807 ’
1464 2771 1564 2842 ούχ
1584 2769 1799 2826 ἁπλοῦν
1819 2771 1983 2833 ἐστίν,
