<?xml version="1.0" encoding="UTF-8"?>
<!DOCTYPE html PUBLIC "-//W3C//DTD XHTML 1.0 Transitional//EN"
    "http://www.w3.org/TR/xhtml1/DTD/xhtml1-transitional.dtd">
<html xmlns="http://www.w3.org/1999/xhtml" xml:lang="en" lang="en">
 <head>
  <title>
</title>
<meta http-equiv="Content-Type" content="text/html;charset=utf-8" />
  <meta name='ocr-system' content='tesseract 3.04.00' />
  <meta name='ocr-capabilities' content='ocr_page ocr_carea ocr_par ocr_line ocrx_word'/>
</head>
<body>
  <div class='ocr_page' id='page_1' title='image "./dialogisecumdumt02platuoft_0201.png"; bbox 0 0 2028 3198; ppageno 0'>
   <div class='ocr_carea' id='block_1_1' title="bbox 44 0 447 24">
    <p class='ocr_par' dir='ltr' id='par_1_1' title="bbox 44 0 489 24">
     <span class='ocr_line' id='line_1_1' title="bbox 44 0 447 24; baseline -0.007 -4"><span class='ocrx_word' id='word_1_1' title='bbox 44 0 138 22; x_wconf 44' lang='lat'><strong><em>4¹5-</em></strong></span> <span class='ocrx_word' id='word_1_2' title='bbox 159 0 162 2; x_wconf 72' lang='grc'>’</span> <span class='ocrx_word' id='word_1_3' title='bbox 195 0 379 24; x_wconf 47' lang='lat' dir='ltr'><strong><em>”ror-⁶25.</em></strong></span> <span class='ocrx_word' id='word_1_4' title='bbox 394 0 447 15; x_wconf 51' lang='lat' dir='ltr'><strong><em>aar</em></strong></span> 
     </span>
    </p>
   </div>
   <div class='ocr_carea' id='block_1_2' title="bbox 55 111 1734 181">
    <p class='ocr_par' dir='ltr' id='par_1_2' title="bbox 55 111 1734 181">
     <span class='ocr_line' id='line_1_2' title="bbox 55 111 1734 181; baseline -0.004 -8"><span class='ocrx_word' id='word_1_5' title='bbox 55 133 116 181; x_wconf 72' lang='grc'><strong><em>33</em></strong></span> <span class='ocrx_word' id='word_1_6' title='bbox 629 111 1161 170; x_wconf 78' lang='grc' dir='ltr'><strong><em>ΣΤΜΠΟΣΙΟΝ.</em></strong></span> <span class='ocrx_word' id='word_1_7' title='bbox 1634 113 1734 166; x_wconf 84' lang='grc'><strong><em>171</em></strong></span> 
     </span>
    </p>
   </div>
   <div class='ocr_carea' id='block_1_3' title="bbox 41 245 1805 903">
    <p class='ocr_par' dir='ltr' id='par_1_3' title="bbox 41 245 1805 903">
     <span class='ocr_line' id='line_1_3' title="bbox 56 245 1735 330; baseline -0.008 -14"><span class='ocrx_word' id='word_1_8' title='bbox 56 260 158 330; x_wconf 85' lang='grc' dir='ltr'><strong><em>τὴν</em></strong></span> <span class='ocrx_word' id='word_1_9' title='bbox 179 257 453 329; x_wconf 81' lang='grc' dir='ltr'><strong><em>α’λήθειαν</em></strong></span> <span class='ocrx_word' id='word_1_10' title='bbox 470 261 574 312; x_wconf 86' lang='grc' dir='ltr'><strong><em>τοῦ</em></strong></span> <span class='ocrx_word' id='word_1_11' title='bbox 591 249 878 310; x_wconf 70' lang='grc' dir='ltr'><strong><em>ἐπαινεῖν’</em></strong></span> <span class='ocrx_word' id='word_1_12' title='bbox 854 258 1063 307; x_wconf 86' lang='grc' dir='ltr'><strong><em>οτιοῦν.</em></strong></span> <span class='ocrx_word' id='word_1_13' title='bbox 1115 249 1315 316; x_wconf 60' lang='grc' dir='ltr'>τρῥζὲ”</span> <span class='ocrx_word' id='word_1_14' title='bbox 1277 270 1414 321; x_wconf 90' lang='grc' dir='ltr'><strong><em>αρα,</em></strong></span> <span class='ocrx_word' id='word_1_15' title='bbox 1443 245 1518 314; x_wconf 73' lang='grc' dir='ltr'><strong><em>ὡς</em></strong></span> <span class='ocrx_word' id='word_1_16' title='bbox 1538 253 1735 318; x_wconf 83' lang='grc' dir='ltr'><strong><em>ἔοικεν,</em></strong></span> 
     </span>
     <span class='ocr_line' id='line_1_4' title="bbox 57 326 1805 412; baseline -0.009 -13"><span class='ocrx_word' id='word_1_17' title='bbox 57 342 127 398; x_wconf 84' lang='grc' dir='ltr'><strong><em>οὐ</em></strong></span> <span class='ocrx_word' id='word_1_18' title='bbox 156 346 320 398; x_wconf 91' lang='grc' dir='ltr'><strong><em>τοῦτο</em></strong></span> <span class='ocrx_word' id='word_1_19' title='bbox 347 334 423 412; x_wconf 79' lang='grc' dir='ltr'><strong><em>ἦν</em></strong></span> <span class='ocrx_word' id='word_1_20' title='bbox 448 339 511 395; x_wconf 82' lang='grc' dir='ltr'><strong><em>τὸ</em></strong></span> <span class='ocrx_word' id='word_1_21' title='bbox 537 343 719 401; x_wconf 83' lang='grc' dir='ltr'><strong><em>καλως</em></strong></span> <span class='ocrx_word' id='word_1_22' title='bbox 737 331 1027 392; x_wconf 70' lang='grc' dir='ltr'><strong><em>έπαινεῖν”</em></strong></span> <span class='ocrx_word' id='word_1_23' title='bbox 1001 339 1217 402; x_wconf 85' lang='grc' dir='ltr'><strong><em>οτιοῦν,</em></strong></span> <span class='ocrx_word' id='word_1_24' title='bbox 1254 329 1394 387; x_wconf 80' lang='grc' dir='ltr'><strong><em>ἀλλὰ</em></strong></span> <span class='ocrx_word' id='word_1_25' title='bbox 1412 328 1472 386; x_wconf 86' lang='grc' dir='ltr'>τὸ</span> <span class='ocrx_word' id='word_1_26' title='bbox 1493 326 1569 395; x_wconf 74' lang='grc' dir='ltr'><strong><em>ὥς</em></strong></span> <span class='ocrx_word' id='word_1_27' title='bbox 1587 333 1740 401; x_wconf 82' lang='grc' dir='ltr'><strong><em>μέγι-</em></strong></span> <span class='ocrx_word' id='word_1_28' title='bbox 1773 338 1805 377; x_wconf 90' lang='grc' dir='ltr'>Ε</span> 
     </span>
     <span class='ocr_line' id='line_1_5' title="bbox 55 405 1739 487; baseline -0.009 -6"><span class='ocrx_word' id='word_1_29' title='bbox 55 442 160 480; x_wconf 89' lang='grc' dir='ltr'><strong><em>στα</em></strong></span> <span class='ocrx_word' id='word_1_30' title='bbox 188 422 512 479; x_wconf 74' lang='grc' dir='ltr'><strong><em>ἀνατιθέναι</em></strong></span> <span class='ocrx_word' id='word_1_31' title='bbox 538 440 615 474; x_wconf 92' lang='grc' dir='ltr'><strong><em>τω</em></strong></span> <span class='ocrx_word' id='word_1_32' title='bbox 645 416 923 487; x_wconf 86' lang='grc' dir='ltr'><strong><em>πράγματι</em></strong></span> <span class='ocrx_word' id='word_1_33' title='bbox 949 416 1041 470; x_wconf 86' lang='grc' dir='ltr'><strong><em>καὶ</em></strong></span> <span class='ocrx_word' id='word_1_34' title='bbox 1069 435 1144 479; x_wconf 91' lang='grc' dir='ltr'><strong><em>ως</em></strong></span> <span class='ocrx_word' id='word_1_35' title='bbox 1162 412 1450 482; x_wconf 85' lang='grc' dir='ltr'><strong><em>κάλλιστα,</em></strong></span> <span class='ocrx_word' id='word_1_36' title='bbox 1490 412 1589 468; x_wconf 79' lang='grc' dir='ltr'><strong><em>ἐάν</em></strong></span> <span class='ocrx_word' id='word_1_37' title='bbox 1615 432 1675 467; x_wconf 90' lang='grc' dir='ltr'><strong><em>τε</em></strong></span> <span class='ocrx_word' id='word_1_38' title='bbox 1701 405 1739 486; x_wconf 81' lang='grc' dir='ltr'><em>ᾗ</em></span> 
     </span>
     <span class='ocr_line' id='line_1_6' title="bbox 57 487 1739 575; baseline -0.009 -12"><span class='ocrx_word' id='word_1_39' title='bbox 57 506 235 570; x_wconf 78' lang='grc' dir='ltr'><strong><em>οὕτως</em></strong></span> <span class='ocrx_word' id='word_1_40' title='bbox 253 508 448 575; x_wconf 68' lang='grc' dir='ltr'><strong><em>ἔχοντα</em></strong></span> <span class='ocrx_word' id='word_1_41' title='bbox 463 500 561 558; x_wconf 80' lang='grc' dir='ltr'><strong><em>ἐάν</em></strong></span> <span class='ocrx_word' id='word_1_42' title='bbox 581 522 638 556; x_wconf 89' lang='grc' dir='ltr'><strong><em>τε</em></strong></span> <span class='ocrx_word' id='word_1_43' title='bbox 666 500 765 571; x_wconf 85' lang='grc' dir='ltr'><strong><em>μή·</em></strong></span> <span class='ocrx_word' id='word_1_44' title='bbox 798 503 850 554; x_wconf 85' lang='grc' dir='ltr'><strong><em>εἰ</em></strong></span> <span class='ocrx_word' id='word_1_45' title='bbox 874 497 934 553; x_wconf 78' lang='grc' dir='ltr'><strong><em>δὲ</em></strong></span> <span class='ocrx_word' id='word_1_46' title='bbox 948 499 1129 567; x_wconf 83' lang='grc' dir='ltr'><strong><em>ψευδῆ</em></strong></span> <span class='ocrx_word' id='word_1_47' title='bbox 1140 538 1156 566; x_wconf 90' lang='grc'><strong><em>,</em></strong></span> <span class='ocrx_word' id='word_1_48' title='bbox 1176 493 1396 550; x_wconf 74' lang='grc' dir='ltr'><strong><em>ούδὲν”</em></strong></span> <span class='ocrx_word' id='word_1_49' title='bbox 1358 491 1453 563; x_wconf 81' lang='grc' dir='ltr'><strong><em>αρ’</em></strong></span> <span class='ocrx_word' id='word_1_50' title='bbox 1470 487 1544 566; x_wconf 82' lang='grc' dir='ltr'><strong><em>ἦν</em></strong></span> <span class='ocrx_word' id='word_1_51' title='bbox 1557 500 1739 564; x_wconf 81' lang='grc' dir='ltr'><strong><em>πρᾶγ-</em></strong></span> 
     </span>
     <span class='ocr_line' id='line_1_7' title="bbox 56 573 1738 661; baseline -0.008 -17"><span class='ocrx_word' id='word_1_52' title='bbox 56 611 148 661; x_wconf 89' lang='grc' dir='ltr'><strong><em>μα.</em></strong></span> <span class='ocrx_word' id='word_1_53' title='bbox 193 583 529 656; x_wconf 83' lang='grc' dir='ltr'><strong><em>προύρρήθη</em></strong></span> <span class='ocrx_word' id='word_1_54' title='bbox 558 584 693 653; x_wconf 86' lang='grc' dir='ltr'><strong><em>γάρ,</em></strong></span> <span class='ocrx_word' id='word_1_55' title='bbox 723 579 796 646; x_wconf 80' lang='grc' dir='ltr'><strong><em>ὡς</em></strong></span> <span class='ocrx_word' id='word_1_56' title='bbox 822 586 1028 649; x_wconf 84' lang='grc' dir='ltr'><strong><em>ἔοικεν,</em></strong></span> <span class='ocrx_word' id='word_1_57' title='bbox 1051 577 1200 644; x_wconf 82' lang='grc' dir='ltr'><strong><em>ὅπως</em></strong></span> <span class='ocrx_word' id='word_1_58' title='bbox 1220 579 1444 641; x_wconf 79' lang='grc' dir='ltr'><strong><em>ἕκαστος</em></strong></span> <span class='ocrx_word' id='word_1_59' title='bbox 1461 573 1621 648; x_wconf 77' lang='grc' dir='ltr'><strong><em>ἡμῶν</em></strong></span> <span class='ocrx_word' id='word_1_60' title='bbox 1638 574 1738 632; x_wconf 87' lang='grc' dir='ltr'><strong><em>τὸν</em></strong></span> 
     </span>
     <span class='ocr_line' id='line_1_8' title="bbox 41 657 1735 740; baseline -0.009 -13"><span class='ocrx_word' id='word_1_61' title='bbox 41 671 255 740; x_wconf 75' lang='grc' dir='ltr'><strong><em>Ἔρωτα</em></strong></span> <span class='ocrx_word' id='word_1_62' title='bbox 284 667 634 739; x_wconf 79' lang='grc' dir='ltr'><strong><em>ἐγκωμιάζειν</em></strong></span> <span class='ocrx_word' id='word_1_63' title='bbox 664 665 838 732; x_wconf 82' lang='grc' dir='ltr'><strong><em>δόξει,</em></strong></span> <span class='ocrx_word' id='word_1_64' title='bbox 881 660 981 732; x_wconf 80' lang='grc' dir='ltr'><strong><em>οὐχ</em></strong></span> <span class='ocrx_word' id='word_1_65' title='bbox 1012 659 1162 724; x_wconf 89' lang='grc' dir='ltr'><strong><em>όπως</em></strong></span> <span class='ocrx_word' id='word_1_66' title='bbox 1181 657 1591 729; x_wconf 83' lang='grc' dir='ltr'><strong><em>ἐγκωμιάσεται.</em></strong></span> <span class='ocrx_word' id='word_1_67' title='bbox 1645 657 1735 713; x_wconf 80' lang='grc' dir='ltr'><strong><em>διὰ</em></strong></span> 
     </span>
     <span class='ocr_line' id='line_1_9' title="bbox 56 739 1740 821; baseline -0.008 -13"><span class='ocrx_word' id='word_1_68' title='bbox 56 758 232 808; x_wconf 88' lang='grc' dir='ltr'><strong><em>ταῦτα</em></strong></span> <span class='ocrx_word' id='word_1_69' title='bbox 270 750 366 821; x_wconf 87' lang='grc' dir='ltr'><strong><em>δή,</em></strong></span> <span class='ocrx_word' id='word_1_70' title='bbox 404 748 580 819; x_wconf 81' lang='grc' dir='ltr'><strong><em>οἶμαι,</em></strong></span> <span class='ocrx_word' id='word_1_71' title='bbox 620 747 800 802; x_wconf 88' lang='grc' dir='ltr'><strong><em>πάντα</em></strong></span> <span class='ocrx_word' id='word_1_72' title='bbox 828 744 999 814; x_wconf 83' lang='grc' dir='ltr'><strong><em>λόγου</em></strong></span> <span class='ocrx_word' id='word_1_73' title='bbox 1027 747 1314 806; x_wconf 81' lang='grc' dir='ltr'><strong><em>κινοῦντες</em></strong></span> <span class='ocrx_word' id='word_1_74' title='bbox 1343 739 1632 795; x_wconf 77' lang='grc' dir='ltr'><strong><em>ἀνατίθετε</em></strong></span> <span class='ocrx_word' id='word_1_75' title='bbox 1661 747 1740 810; x_wconf 74' lang='grc' dir='ltr'><strong><em>τῷ</em></strong></span> 
     </span>
     <span class='ocr_line' id='line_1_10' title="bbox 42 823 1740 903; baseline -0.009 -11.83"><span class='ocrx_word' id='word_1_76' title='bbox 42 836 271 903; x_wconf 81' lang='grc' dir='ltr'><strong><em>Ἔρωτι,</em></strong></span> <span class='ocrx_word' id='word_1_77' title='bbox 323 836 423 888; x_wconf 86' lang='grc' dir='ltr'><strong><em>καί</em></strong></span> <span class='ocrx_word' id='word_1_78' title='bbox 454 851 593 901; x_wconf 90' lang='grc' dir='ltr'><strong><em>φατε</em></strong></span> <span class='ocrx_word' id='word_1_79' title='bbox 632 826 807 883; x_wconf 83' lang='grc' dir='ltr'><strong><em>αὐτὸν</em></strong></span> <span class='ocrx_word' id='word_1_80' title='bbox 845 827 1102 882; x_wconf 83' lang='grc' dir='ltr'><strong><em>τοιοῦτόν</em></strong></span> <span class='ocrx_word' id='word_1_81' title='bbox 1137 847 1194 880; x_wconf 88' lang='grc' dir='ltr'><strong><em>τε</em></strong></span> <span class='ocrx_word' id='word_1_82' title='bbox 1232 823 1372 880; x_wconf 83' lang='grc' dir='ltr'><strong><em>εἶναι</em></strong></span> <span class='ocrx_word' id='word_1_83' title='bbox 1411 825 1504 878; x_wconf 83' lang='grc' dir='ltr'><strong><em>καὶ</em></strong></span> <span class='ocrx_word' id='word_1_84' title='bbox 1538 823 1740 878; x_wconf 89' lang='grc' dir='ltr'><strong><em>τοσού-</em></strong></span> 
     </span>
    </p>
   </div>
   <div class='ocr_carea' id='block_1_4' title="bbox 57 903 1950 983">
    <p class='ocr_par' dir='ltr' id='par_1_4' title="bbox 57 903 1950 983">
     <span class='ocr_line' id='line_1_11' title="bbox 57 903 1950 983; baseline -0.008 -10"><span class='ocrx_word' id='word_1_85' title='bbox 57 939 170 973; x_wconf 85' lang='grc' dir='ltr'><strong><em>των</em></strong></span> <span class='ocrx_word' id='word_1_86' title='bbox 202 924 408 983; x_wconf 75' lang='grc' dir='ltr'><strong><em>αἴτιον,</em></strong></span> <span class='ocrx_word' id='word_1_87' title='bbox 447 912 596 976; x_wconf 80' lang='grc' dir='ltr'><strong><em>ὅπως</em></strong></span> <span class='ocrx_word' id='word_1_88' title='bbox 618 933 689 965; x_wconf 88' lang='grc' dir='ltr'><strong><em>αν</em></strong></span> <span class='ocrx_word' id='word_1_89' title='bbox 710 915 970 979; x_wconf 87' lang='grc' dir='ltr'><strong><em>φαίνηται</em></strong></span> <span class='ocrx_word' id='word_1_90' title='bbox 992 930 1065 973; x_wconf 86' lang='grc' dir='ltr'><strong><em>ως</em></strong></span> <span class='ocrx_word' id='word_1_91' title='bbox 1082 907 1371 971; x_wconf 85' lang='grc' dir='ltr'><strong><em>κάλλιστος</em></strong></span> <span class='ocrx_word' id='word_1_92' title='bbox 1392 907 1482 961; x_wconf 85' lang='grc' dir='ltr'><strong><em>καὶ</em></strong></span> <span class='ocrx_word' id='word_1_93' title='bbox 1501 903 1738 975; x_wconf 78' lang='grc' dir='ltr'><strong><em>ἄριστος,</em></strong></span> <span class='ocrx_word' id='word_1_94' title='bbox 1770 925 1853 970; x_wconf 83' lang='lat'><strong><em>199</em></strong></span> <span class='ocrx_word' id='word_1_95' title='bbox 1946 965 1950 967; x_wconf 44' lang='grc'><strong><em>,</em></strong></span> 
     </span>
    </p>
   </div>
   <div class='ocr_carea' id='block_1_5' title="bbox 43 987 1800 2871">
    <p class='ocr_par' dir='ltr' id='par_1_5' title="bbox 56 987 1741 1312">
     <span class='ocr_line' id='line_1_12' title="bbox 57 987 1740 1071; baseline -0.008 -16"><span class='ocrx_word' id='word_1_96' title='bbox 57 1003 229 1071; x_wconf 85' lang='grc' dir='ltr'><strong><em>δῆλον</em></strong></span> <span class='ocrx_word' id='word_1_97' title='bbox 258 997 344 1052; x_wconf 84' lang='grc' dir='ltr'><strong><em>ὅτι</em></strong></span> <span class='ocrx_word' id='word_1_98' title='bbox 370 1007 483 1060; x_wconf 87' lang='grc' dir='ltr'><strong><em>τοῖς</em></strong></span> <span class='ocrx_word' id='word_1_99' title='bbox 512 993 587 1065; x_wconf 85' lang='grc' dir='ltr'><strong><em>μὴ</em></strong></span> <span class='ocrx_word' id='word_1_100' title='bbox 618 993 1055 1063; x_wconf 70' lang='grc' dir='ltr'><strong><em>γιγνώσκουσιν·</em></strong></span> <span class='ocrx_word' id='word_1_101' title='bbox 1094 987 1162 1044; x_wconf 84' lang='grc' dir='ltr'><strong><em>οὐ</em></strong></span> <span class='ocrx_word' id='word_1_102' title='bbox 1191 989 1299 1058; x_wconf 88' lang='grc' dir='ltr'><strong><em>γάρ</em></strong></span> <span class='ocrx_word' id='word_1_103' title='bbox 1320 1008 1430 1043; x_wconf 87' lang='grc' dir='ltr'><strong><em>που</em></strong></span> <span class='ocrx_word' id='word_1_104' title='bbox 1447 999 1560 1052; x_wconf 85' lang='grc' dir='ltr'><strong><em>τοῖς</em></strong></span> <span class='ocrx_word' id='word_1_105' title='bbox 1578 1010 1640 1059; x_wconf 89' lang='grc' dir='ltr'><strong><em>γε</em></strong></span> <span class='ocrx_word' id='word_1_106' title='bbox 1663 993 1740 1043; x_wconf 84' lang='grc' dir='ltr'><strong><em>εἰ-</em></strong></span> 
     </span>
     <span class='ocr_line' id='line_1_13' title="bbox 57 1068 1739 1145; baseline -0.007 -10"><span class='ocrx_word' id='word_1_107' title='bbox 57 1079 207 1135; x_wconf 93' lang='grc' dir='ltr'><strong><em>δόσι</em></strong></span> <span class='ocrx_word' id='word_1_108' title='bbox 247 1080 338 1134; x_wconf 81' lang='grc' dir='ltr'><strong><em>καὶ</em></strong></span> <span class='ocrx_word' id='word_1_109' title='bbox 367 1082 547 1140; x_wconf 81' lang='grc' dir='ltr'><strong><em>καλῶς</em></strong></span> <span class='ocrx_word' id='word_1_110' title='bbox 575 1073 630 1145; x_wconf 85' lang='grc' dir='ltr'><strong><em>γ’</em></strong></span> <span class='ocrx_word' id='word_1_111' title='bbox 664 1079 771 1144; x_wconf 83' lang='grc' dir='ltr'><strong><em>ἔχει</em></strong></span> <span class='ocrx_word' id='word_1_112' title='bbox 790 1075 880 1128; x_wconf 89' lang='grc' dir='ltr'><strong><em>καὶ</em></strong></span> <span class='ocrx_word' id='word_1_113' title='bbox 900 1089 1114 1143; x_wconf 89' lang='grc' dir='ltr'><strong><em>σεμνως</em></strong></span> <span class='ocrx_word' id='word_1_114' title='bbox 1132 1069 1161 1127; x_wconf 86' lang='grc' dir='ltr'>ὁ</span> <span class='ocrx_word' id='word_1_115' title='bbox 1183 1077 1421 1136; x_wconf 86' lang='grc' dir='ltr'><strong><em>ἔπαινος.</em></strong></span> <span class='ocrx_word' id='word_1_116' title='bbox 1473 1068 1614 1126; x_wconf 75' lang='grc' dir='ltr'><strong><em>ἄλλα</em></strong></span> <span class='ocrx_word' id='word_1_117' title='bbox 1631 1071 1739 1141; x_wconf 81' lang='grc' dir='ltr'><strong><em>γὰρ</em></strong></span> 
     </span>
     <span class='ocr_line' id='line_1_14' title="bbox 56 1150 1741 1232; baseline -0.007 -15"><span class='ocrx_word' id='word_1_118' title='bbox 56 1161 165 1231; x_wconf 78' lang='grc' dir='ltr'><strong><em>ἐγώ</em></strong></span> <span class='ocrx_word' id='word_1_119' title='bbox 196 1159 299 1215; x_wconf 81' lang='grc' dir='ltr'><strong><em>οὐκ</em></strong></span> <span class='ocrx_word' id='word_1_120' title='bbox 330 1158 436 1232; x_wconf 79' lang='grc' dir='ltr'><strong><em>ᾔδη</em></strong></span> <span class='ocrx_word' id='word_1_121' title='bbox 465 1157 567 1213; x_wconf 83' lang='grc' dir='ltr'><strong><em>τὸν</em></strong></span> <span class='ocrx_word' id='word_1_122' title='bbox 593 1157 803 1227; x_wconf 81' lang='grc' dir='ltr'><strong><em>τρόπον</em></strong></span> <span class='ocrx_word' id='word_1_123' title='bbox 830 1160 931 1210; x_wconf 87' lang='grc' dir='ltr'><strong><em>τοῦ</em></strong></span> <span class='ocrx_word' id='word_1_124' title='bbox 959 1157 1215 1224; x_wconf 79' lang='grc' dir='ltr'><strong><em>ἐπαίνου,</em></strong></span> <span class='ocrx_word' id='word_1_125' title='bbox 1256 1151 1382 1208; x_wconf 80' lang='grc' dir='ltr'><strong><em>οὐδ’</em></strong></span> <span class='ocrx_word' id='word_1_126' title='bbox 1414 1151 1571 1217; x_wconf 87' lang='grc' dir='ltr'><strong><em>είδως</em></strong></span> <span class='ocrx_word' id='word_1_127' title='bbox 1607 1150 1741 1223; x_wconf 79' lang='grc' dir='ltr'><strong><em>ὑμῖν</em></strong></span> 
     </span>
     <span class='ocr_line' id='line_1_15' title="bbox 61 1226 1707 1343; baseline -0.005 -45"><span class='ocrx_word' id='word_1_128' title='bbox 61 1241 389 1343; x_wconf 75' lang='grc' dir='ltr'><strong><em>ὡμολόγησα</em></strong></span> <span class='ocrx_word' id='word_1_129' title='bbox 408 1242 499 1296; x_wconf 87' lang='grc' dir='ltr'><strong><em>καὶ</em></strong></span> <span class='ocrx_word' id='word_1_130' title='bbox 519 1238 684 1303; x_wconf 82' lang='grc' dir='ltr'><strong><em>αὐτὸς</em></strong></span> <span class='ocrx_word' id='word_1_131' title='bbox 702 1241 763 1293; x_wconf 84' lang='grc' dir='ltr'><strong><em>ἐν</em></strong></span> <span class='ocrx_word' id='word_1_132' title='bbox 785 1259 861 1292; x_wconf 92' lang='grc' dir='ltr'><strong><em>τω</em></strong></span> <span class='ocrx_word' id='word_1_133' title='bbox 883 1241 1036 1308; x_wconf 88' lang='grc' dir='ltr'><strong><em>μέρει</em></strong></span> <span class='ocrx_word' id='word_1_134' title='bbox 1060 1226 1464 1292; x_wconf 71' lang='grc' dir='ltr'><strong><em>ἐπαινέσεσθαι.</em></strong></span> <span class='ocrx_word' id='word_1_135' title='bbox 1504 1233 1538 1306; x_wconf 81' lang='grc' dir='ltr'><strong><em>ἡ</em></strong></span> <span class='ocrx_word' id='word_1_136' title='bbox 1559 1241 1707 1304; x_wconf 90' lang='grc' dir='ltr'><strong><em>γλωτ</em></strong></span> 
     </span>
    </p>

    <p class='ocr_par' dir='ltr' id='par_1_6' title="bbox 55 1315 1800 2379">
     <span class='ocr_line' id='line_1_16' title="bbox 57 1315 1741 1393; baseline -0.005 -14"><span class='ocrx_word' id='word_1_137' title='bbox 57 1347 123 1379; x_wconf 87' lang='grc' dir='ltr'><strong><em>τα</em></strong></span> <span class='ocrx_word' id='word_1_138' title='bbox 142 1318 249 1379; x_wconf 83' lang='grc' dir='ltr'><strong><em>οὖν</em></strong></span> <span class='ocrx_word' id='word_1_139' title='bbox 267 1322 559 1393; x_wconf 85' lang='grc' dir='ltr'><strong><em>ὑπέσχετο,</em></strong></span> <span class='ocrx_word' id='word_1_140' title='bbox 597 1319 629 1390; x_wconf 82' lang='grc' dir='ltr'>ἡ</span> <span class='ocrx_word' id='word_1_141' title='bbox 653 1320 712 1375; x_wconf 75' lang='grc' dir='ltr'><strong><em>δὲ</em></strong></span> <span class='ocrx_word' id='word_1_142' title='bbox 742 1319 894 1390; x_wconf 84' lang='grc' dir='ltr'><strong><em>φρὴν</em></strong></span> <span class='ocrx_word' id='word_1_143' title='bbox 922 1318 1018 1374; x_wconf 81' lang='grc' dir='ltr'><strong><em>οὔ·</em></strong></span> <span class='ocrx_word' id='word_1_144' title='bbox 1049 1321 1280 1390; x_wconf 84' lang='grc' dir='ltr'><strong><em>χαιρέτω</em></strong></span> <span class='ocrx_word' id='word_1_145' title='bbox 1302 1315 1514 1388; x_wconf 86' lang='grc' dir='ltr'><strong><em>δή.ού</em></strong></span> <span class='ocrx_word' id='word_1_146' title='bbox 1532 1316 1638 1388; x_wconf 80' lang='grc' dir='ltr'><strong><em>γάρ</em></strong></span> <span class='ocrx_word' id='word_1_147' title='bbox 1663 1320 1741 1371; x_wconf 80' lang='grc' dir='ltr'><strong><em>ἔτι</em></strong></span> 
     </span>
     <span class='ocr_line' id='line_1_17' title="bbox 59 1396 1740 1478; baseline -0.006 -15"><span class='ocrx_word' id='word_1_148' title='bbox 59 1406 373 1478; x_wconf 77' lang='grc' dir='ltr'><strong><em>ἐγκωμιάζω</em></strong></span> <span class='ocrx_word' id='word_1_149' title='bbox 401 1410 603 1460; x_wconf 87' lang='grc' dir='ltr'><strong><em>τοῦτον</em></strong></span> <span class='ocrx_word' id='word_1_150' title='bbox 631 1403 730 1457; x_wconf 86' lang='grc' dir='ltr'><strong><em>τὸν</em></strong></span> <span class='ocrx_word' id='word_1_151' title='bbox 749 1403 982 1472; x_wconf 83' lang='grc' dir='ltr'><strong><em>τρόπον·</em></strong></span> <span class='ocrx_word' id='word_1_152' title='bbox 1020 1399 1088 1456; x_wconf 84' lang='grc' dir='ltr'><strong><em>οὐ</em></strong></span> <span class='ocrx_word' id='word_1_153' title='bbox 1111 1399 1218 1471; x_wconf 81' lang='grc' dir='ltr'><strong><em>γὰρ</em></strong></span> <span class='ocrx_word' id='word_1_154' title='bbox 1238 1396 1310 1455; x_wconf 76' lang='grc' dir='ltr'><strong><em>ὅίν</em></strong></span> <span class='ocrx_word' id='word_1_155' title='bbox 1328 1403 1631 1470; x_wconf 82' lang='grc' dir='ltr'><strong><em>δυναίμην·</em></strong></span> <span class='ocrx_word' id='word_1_156' title='bbox 1671 1396 1740 1454; x_wconf 83' lang='grc' dir='ltr'><strong><em>οὐ</em></strong></span> 
     </span>
     <span class='ocr_line' id='line_1_18' title="bbox 58 1478 1800 1559; baseline -0.005 -16"><span class='ocrx_word' id='word_1_157' title='bbox 58 1492 242 1559; x_wconf 89' lang='grc' dir='ltr'><strong><em>μέντοι</em></strong></span> <span class='ocrx_word' id='word_1_158' title='bbox 263 1485 403 1542; x_wconf 78' lang='grc' dir='ltr'><strong><em>ἀλλὰ</em></strong></span> <span class='ocrx_word' id='word_1_159' title='bbox 426 1485 492 1541; x_wconf 91' lang='grc' dir='ltr'><strong><em>τά</em></strong></span> <span class='ocrx_word' id='word_1_160' title='bbox 512 1507 574 1555; x_wconf 85' lang='grc' dir='ltr'><strong><em>γε</em></strong></span> <span class='ocrx_word' id='word_1_161' title='bbox 594 1483 777 1554; x_wconf 81' lang='grc' dir='ltr'><em>ἀληθῆ</em></span> <span class='ocrx_word' id='word_1_162' title='bbox 792 1527 807 1554; x_wconf 87' lang='grc'><strong><em>,</em></strong></span> <span class='ocrx_word' id='word_1_163' title='bbox 829 1492 875 1540; x_wconf 85' lang='grc' dir='ltr'><strong><em>εἰ</em></strong></span> <span class='ocrx_word' id='word_1_164' title='bbox 896 1484 1201 1555; x_wconf 86' lang='grc' dir='ltr'><strong><em>βούλεσθε,</em></strong></span> <span class='ocrx_word' id='word_1_165' title='bbox 1225 1484 1400 1537; x_wconf 83' lang='grc' dir='ltr'><strong><em>ἐθέλω</em></strong></span> <span class='ocrx_word' id='word_1_166' title='bbox 1421 1486 1594 1537; x_wconf 79' lang='grc' dir='ltr'><strong><em>εἰπεῖν</em></strong></span> <span class='ocrx_word' id='word_1_167' title='bbox 1612 1478 1735 1536; x_wconf 81' lang='grc' dir='ltr'><strong><em>κατ’</em></strong></span> <span class='ocrx_word' id='word_1_168' title='bbox 1766 1490 1800 1531; x_wconf 92' lang='grc' dir='ltr'><strong>Β</strong></span> 
     </span>
     <span class='ocr_line' id='line_1_19' title="bbox 58 1563 1739 1640; baseline -0.005 -15"><span class='ocrx_word' id='word_1_169' title='bbox 58 1567 326 1640; x_wconf 77' lang='grc' dir='ltr'><strong><em>ἐμαυτόν,</em></strong></span> <span class='ocrx_word' id='word_1_170' title='bbox 357 1565 426 1622; x_wconf 83' lang='grc' dir='ltr'><strong><em>ού</em></strong></span> <span class='ocrx_word' id='word_1_171' title='bbox 441 1564 582 1636; x_wconf 85' lang='grc' dir='ltr'><strong><em>πρὸς</em></strong></span> <span class='ocrx_word' id='word_1_172' title='bbox 599 1564 730 1630; x_wconf 86' lang='grc' dir='ltr'><strong><em>τούς</em></strong></span> <span class='ocrx_word' id='word_1_173' title='bbox 749 1563 1051 1636; x_wconf 78' lang='grc' dir='ltr'><strong><em>ὑμετέρους</em></strong></span> <span class='ocrx_word' id='word_1_174' title='bbox 1068 1565 1295 1635; x_wconf 80' lang='grc' dir='ltr'><strong><em>λόγους,</em></strong></span> <span class='ocrx_word' id='word_1_175' title='bbox 1324 1567 1417 1620; x_wconf 80' lang='grc' dir='ltr'><strong><em>ἵνα</em></strong></span> <span class='ocrx_word' id='word_1_176' title='bbox 1435 1563 1508 1635; x_wconf 78' lang='grc' dir='ltr'><strong><em>μὴ</em></strong></span> <span class='ocrx_word' id='word_1_177' title='bbox 1528 1566 1739 1634; x_wconf 87' lang='grc' dir='ltr'><strong><em>γέλωτα</em></strong></span> 
     </span>
     <span class='ocr_line' id='line_1_20' title="bbox 57 1643 1736 1721; baseline -0.003 -15"><span class='ocrx_word' id='word_1_178' title='bbox 57 1651 229 1721; x_wconf 81' lang='grc' dir='ltr'><strong><em>ὄφλω.</em></strong></span> <span class='ocrx_word' id='word_1_179' title='bbox 283 1649 388 1718; x_wconf 83' lang='grc' dir='ltr'><strong><em>ὅρα</em></strong></span> <span class='ocrx_word' id='word_1_180' title='bbox 409 1644 542 1719; x_wconf 81' lang='grc' dir='ltr'><strong><em>οὖν,</em></strong></span> <span class='ocrx_word' id='word_1_181' title='bbox 575 1643 619 1704; x_wconf 76' lang='grc' dir='ltr'><em>ὦ</em></span> <span class='ocrx_word' id='word_1_182' title='bbox 643 1652 874 1718; x_wconf 81' lang='grc' dir='ltr'><strong><em>Φαῖδρε,</em></strong></span> <span class='ocrx_word' id='word_1_183' title='bbox 896 1657 949 1704; x_wconf 79' lang='grc' dir='ltr'><strong><em>εἰ</em></strong></span> <span class='ocrx_word' id='word_1_184' title='bbox 961 1672 1011 1704; x_wconf 91' lang='grc' dir='ltr'><strong><em>τι</em></strong></span> <span class='ocrx_word' id='word_1_185' title='bbox 1033 1650 1124 1704; x_wconf 82' lang='grc' dir='ltr'><strong><em>καὶ</em></strong></span> <span class='ocrx_word' id='word_1_186' title='bbox 1141 1647 1398 1703; x_wconf 88' lang='grc' dir='ltr'><strong><em>τοιούτου</em></strong></span> <span class='ocrx_word' id='word_1_187' title='bbox 1417 1646 1590 1717; x_wconf 81' lang='grc' dir='ltr'><strong><em>λόγου</em></strong></span> <span class='ocrx_word' id='word_1_188' title='bbox 1610 1649 1736 1716; x_wconf 86' lang='grc' dir='ltr'><strong><em>δέει,</em></strong></span> 
     </span>
     <span class='ocr_line' id='line_1_21' title="bbox 60 1728 1738 1804; baseline -0.003 -15"><span class='ocrx_word' id='word_1_189' title='bbox 60 1736 181 1804; x_wconf 79' lang='grc' dir='ltr'><strong><em>περὶ</em></strong></span> <span class='ocrx_word' id='word_1_190' title='bbox 202 1733 437 1803; x_wconf 78' lang='grc' dir='ltr'><strong><em>’Ἑρωτος</em></strong></span> <span class='ocrx_word' id='word_1_191' title='bbox 464 1731 679 1803; x_wconf 85' lang='grc' dir='ltr'><strong><em>τάληθῆ</em></strong></span> <span class='ocrx_word' id='word_1_192' title='bbox 710 1732 980 1802; x_wconf 88' lang='grc' dir='ltr'><strong><em>λεγόμενα</em></strong></span> <span class='ocrx_word' id='word_1_193' title='bbox 996 1729 1264 1800; x_wconf 63' lang='grc' dir='ltr'><strong><em>ἀκούειν,</em></strong></span> <span class='ocrx_word' id='word_1_194' title='bbox 1304 1730 1539 1800; x_wconf 80' lang='grc' dir='ltr'><strong><em>ὀνόμασι</em></strong></span> <span class='ocrx_word' id='word_1_195' title='bbox 1569 1728 1738 1785; x_wconf 75' lang='grc' dir='ltr'><strong><em>δὲκαὶ</em></strong></span> 
     </span>
     <span class='ocr_line' id='line_1_22' title="bbox 58 1811 1735 1886; baseline -0.004 -15"><span class='ocrx_word' id='word_1_196' title='bbox 58 1817 209 1871; x_wconf 83' lang='grc' dir='ltr'><strong><em>θέσει</em></strong></span> <span class='ocrx_word' id='word_1_197' title='bbox 232 1815 493 1886; x_wconf 74' lang='grc' dir='ltr'><strong><em>ῥημάτων</em></strong></span> <span class='ocrx_word' id='word_1_198' title='bbox 510 1814 737 1886; x_wconf 86' lang='grc' dir='ltr'><strong><em>τοιαύτῃ</em></strong></span> <span class='ocrx_word' id='word_1_199' title='bbox 750 1857 764 1883; x_wconf 93' lang='grc'><strong><em>,</em></strong></span> <span class='ocrx_word' id='word_1_200' title='bbox 796 1812 956 1869; x_wconf 88' lang='grc' dir='ltr'><strong><em>ὁποία</em></strong></span> <span class='ocrx_word' id='word_1_201' title='bbox 978 1812 1044 1884; x_wconf 88' lang='grc' dir='ltr'><strong><em>δὴ</em></strong></span> <span class='ocrx_word' id='word_1_202' title='bbox 1065 1812 1136 1867; x_wconf 75' lang='grc' dir='ltr'><strong><em>ἄν</em></strong></span> <span class='ocrx_word' id='word_1_203' title='bbox 1155 1834 1233 1877; x_wconf 90' lang='grc' dir='ltr'><strong><em>τις</em></strong></span> <span class='ocrx_word' id='word_1_204' title='bbox 1251 1811 1386 1884; x_wconf 84' lang='grc' dir='ltr'><strong><em>τύχῃ</em></strong></span> <span class='ocrx_word' id='word_1_205' title='bbox 1405 1814 1735 1868; x_wconf 79' lang='grc' dir='ltr'><strong><em>ἐπελθοῦσα.</em></strong></span> 
     </span>
     <span class='ocr_line' id='line_1_23' title="bbox 57 1891 1736 1966; baseline -0.002 -14"><span class='ocrx_word' id='word_1_206' title='bbox 57 1898 157 1954; x_wconf 84' lang='grc' dir='ltr'><strong><em>τὸν</em></strong></span> <span class='ocrx_word' id='word_1_207' title='bbox 186 1891 291 1951; x_wconf 83' lang='grc' dir='ltr'><strong><em>οὖν</em></strong></span> <span class='ocrx_word' id='word_1_208' title='bbox 320 1900 568 1966; x_wconf 84' lang='grc' dir='ltr'><strong><em>Φαῖδρον</em></strong></span> <span class='ocrx_word' id='word_1_209' title='bbox 597 1902 702 1966; x_wconf 82' lang='grc' dir='ltr'><strong><em>ἔφη</em></strong></span> <span class='ocrx_word' id='word_1_210' title='bbox 734 1898 822 1951; x_wconf 79' lang='grc' dir='ltr'><strong><em>καὶ</em></strong></span> <span class='ocrx_word' id='word_1_211' title='bbox 849 1894 980 1959; x_wconf 83' lang='grc' dir='ltr'><strong><em>τοὺς</em></strong></span> <span class='ocrx_word' id='word_1_212' title='bbox 1017 1895 1219 1960; x_wconf 77' lang='grc' dir='ltr'><strong><em>ἄλλους</em></strong></span> <span class='ocrx_word' id='word_1_213' title='bbox 1253 1895 1502 1950; x_wconf 82' lang='grc' dir='ltr'><strong><em>κελεύειν</em></strong></span> <span class='ocrx_word' id='word_1_214' title='bbox 1541 1896 1736 1964; x_wconf 85' lang='grc' dir='ltr'><strong><em>λέγειν,</em></strong></span> 
     </span>
     <span class='ocr_line' id='line_1_24' title="bbox 56 1976 1737 2051; baseline -0.003 -16"><span class='ocrx_word' id='word_1_215' title='bbox 56 1977 166 2051; x_wconf 82' lang='grc' dir='ltr'><strong><em>ὅπῃ</em></strong></span> <span class='ocrx_word' id='word_1_216' title='bbox 185 1976 353 2044; x_wconf 83' lang='grc' dir='ltr'><strong><em>αὐτὸς</em></strong></span> <span class='ocrx_word' id='word_1_217' title='bbox 371 1987 542 2035; x_wconf 74' lang='grc' dir='ltr'><strong><em>οἴοιτο</em></strong></span> <span class='ocrx_word' id='word_1_218' title='bbox 563 1982 681 2035; x_wconf 80' lang='grc' dir='ltr'><strong><em>δεῖν</em></strong></span> <span class='ocrx_word' id='word_1_219' title='bbox 700 1983 898 2049; x_wconf 83' lang='grc' dir='ltr'><strong><em>εἰπεῖν,</em></strong></span> <span class='ocrx_word' id='word_1_220' title='bbox 919 1978 1103 2051; x_wconf 85' lang='grc' dir='ltr'><strong><em>ταύτῃ.</em></strong></span> <span class='ocrx_word' id='word_1_221' title='bbox 1148 1977 1264 2033; x_wconf 75' lang='lat' dir='ltr'><strong><em>”En</em></strong></span> <span class='ocrx_word' id='word_1_222' title='bbox 1286 1983 1504 2047; x_wconf 83' lang='grc' dir='ltr'><strong><em>τοίνυν,</em></strong></span> <span class='ocrx_word' id='word_1_223' title='bbox 1543 1976 1737 2047; x_wconf 80' lang='grc' dir='ltr'><strong><em>φάναι,</em></strong></span> 
     </span>
     <span class='ocr_line' id='line_1_25' title="bbox 56 2054 1738 2131; baseline -0.002 -15"><span class='ocrx_word' id='word_1_224' title='bbox 56 2054 102 2118; x_wconf 73' lang='grc' dir='ltr'><em>ὦ</em></span> <span class='ocrx_word' id='word_1_225' title='bbox 118 2065 324 2129; x_wconf 82' lang='grc' dir='ltr'><strong><em>Φαῖδρε</em></strong></span> <span class='ocrx_word' id='word_1_226' title='bbox 338 2103 353 2131; x_wconf 89' lang='grc'><strong><em>,</em></strong></span> <span class='ocrx_word' id='word_1_227' title='bbox 392 2061 563 2130; x_wconf 85' lang='grc' dir='ltr'><strong><em>πάρες</em></strong></span> <span class='ocrx_word' id='word_1_228' title='bbox 580 2082 673 2131; x_wconf 89' lang='grc' dir='ltr'><strong><em>μοι</em></strong></span> <span class='ocrx_word' id='word_1_229' title='bbox 689 2058 978 2130; x_wconf 79' lang='grc' dir='ltr'><strong><em>Ἀγάθωνα</em></strong></span> <span class='ocrx_word' id='word_1_230' title='bbox 998 2059 1184 2131; x_wconf 82' lang='grc' dir='ltr'><strong><em>σμίκρ’</em></strong></span> <span class='ocrx_word' id='word_1_231' title='bbox 1207 2059 1339 2115; x_wconf 78' lang='grc' dir='ltr'><strong><em>ἄττα</em></strong></span> <span class='ocrx_word' id='word_1_232' title='bbox 1359 2061 1585 2126; x_wconf 82' lang='grc' dir='ltr'><strong><em>ἐρέσθαι</em></strong></span> <span class='ocrx_word' id='word_1_233' title='bbox 1598 2099 1612 2127; x_wconf 91' lang='grc'><strong><em>,</em></strong></span> <span class='ocrx_word' id='word_1_234' title='bbox 1646 2061 1738 2113; x_wconf 84' lang='grc' dir='ltr'><strong><em>ἵνα</em></strong></span> 
     </span>
     <span class='ocr_line' id='line_1_26' title="bbox 56 2138 1799 2214; baseline -0.002 -16"><span class='ocrx_word' id='word_1_235' title='bbox 56 2141 608 2214; x_wconf 84' lang='grc' dir='ltr'><strong><em>άνομολογησάμενος</em></strong></span> <span class='ocrx_word' id='word_1_236' title='bbox 641 2141 773 2213; x_wconf 86' lang='grc' dir='ltr'><strong><em>παρ’</em></strong></span> <span class='ocrx_word' id='word_1_237' title='bbox 813 2142 986 2198; x_wconf 81' lang='grc' dir='ltr'><strong><em>αὐτοῦ</em></strong></span> <span class='ocrx_word' id='word_1_238' title='bbox 1023 2142 1198 2206; x_wconf 81' lang='grc' dir='ltr'><strong><em>οὕτως</em></strong></span> <span class='ocrx_word' id='word_1_239' title='bbox 1230 2140 1334 2211; x_wconf 82' lang='grc' dir='ltr'><strong><em>ἤδη</em></strong></span> <span class='ocrx_word' id='word_1_240' title='bbox 1363 2142 1521 2211; x_wconf 85' lang='grc' dir='ltr'><strong><em>λέγω.</em></strong></span> <span class='ocrx_word' id='word_1_241' title='bbox 1575 2138 1737 2195; x_wconf 79' lang='grc' dir='ltr'><strong><em>Ἀλλὰ</em></strong></span> <span class='ocrx_word' id='word_1_242' title='bbox 1768 2147 1799 2189; x_wconf 89' lang='lat' dir='ltr'>C</span> 
     </span>
     <span class='ocr_line' id='line_1_27' title="bbox 56 2220 1733 2296; baseline -0.002 -17"><span class='ocrx_word' id='word_1_243' title='bbox 56 2230 314 2296; x_wconf 85' lang='grc' dir='ltr'><strong><em>παρίημι,</em></strong></span> <span class='ocrx_word' id='word_1_244' title='bbox 334 2226 509 2295; x_wconf 87' lang='grc' dir='ltr'><strong><em>φάναι</em></strong></span> <span class='ocrx_word' id='word_1_245' title='bbox 530 2225 630 2281; x_wconf 86' lang='grc' dir='ltr'><strong><em>τὸν</em></strong></span> <span class='ocrx_word' id='word_1_246' title='bbox 648 2229 918 2293; x_wconf 79' lang='grc' dir='ltr'><strong><em>Φαῖδρον,</em></strong></span> <span class='ocrx_word' id='word_1_247' title='bbox 946 2222 1067 2280; x_wconf 78' lang='grc' dir='ltr'><strong><em>ἀλλ’</em></strong></span> <span class='ocrx_word' id='word_1_248' title='bbox 1093 2223 1282 2292; x_wconf 76' lang='grc' dir='ltr'><strong><em>ἐρώτα.</em></strong></span> <span class='ocrx_word' id='word_1_249' title='bbox 1323 2220 1456 2290; x_wconf 87' lang='grc' dir='ltr'><strong><em>μετὰ</em></strong></span> <span class='ocrx_word' id='word_1_250' title='bbox 1474 2228 1646 2277; x_wconf 85' lang='grc' dir='ltr'><strong><em>ταῦτα</em></strong></span> <span class='ocrx_word' id='word_1_251' title='bbox 1667 2221 1733 2293; x_wconf 79' lang='grc' dir='ltr'><strong><em>δὴ</em></strong></span> 
     </span>
     <span class='ocr_line' id='line_1_28' title="bbox 55 2302 1336 2379; baseline -0.002 -18"><span class='ocrx_word' id='word_1_252' title='bbox 55 2309 156 2362; x_wconf 84' lang='grc' dir='ltr'><strong><em>τὸν</em></strong></span> <span class='ocrx_word' id='word_1_253' title='bbox 175 2307 448 2377; x_wconf 78' lang='grc' dir='ltr'><strong><em>Σωκράτη</em></strong></span> <span class='ocrx_word' id='word_1_254' title='bbox 473 2311 577 2379; x_wconf 81' lang='grc' dir='ltr'><strong><em>ἔφη</em></strong></span> <span class='ocrx_word' id='word_1_255' title='bbox 598 2310 826 2363; x_wconf 80' lang='grc' dir='ltr'><strong><em>ἐνθένδε</em></strong></span> <span class='ocrx_word' id='word_1_256' title='bbox 850 2309 1029 2362; x_wconf 76' lang='grc' dir='ltr'><strong><em>ποθὲν</em></strong></span> <span class='ocrx_word' id='word_1_257' title='bbox 1046 2302 1336 2374; x_wconf 71' lang='grc' dir='ltr'><strong><em>ἄρξασθαι.</em></strong></span> 
     </span>
    </p>

    <p class='ocr_par' dir='ltr' id='par_1_7' title="bbox 43 2384 1792 2871">
     <span class='ocr_line' id='line_1_29' title="bbox 199 2384 1734 2460; baseline -0.002 -16"><span class='ocrx_word' id='word_1_258' title='bbox 199 2394 330 2445; x_wconf 77' lang='lat' dir='ltr'><strong>xxl.</strong></span> <span class='ocrx_word' id='word_1_259' title='bbox 406 2391 515 2445; x_wconf 79' lang='grc' dir='ltr'><strong><em>Καὶ</em></strong></span> <span class='ocrx_word' id='word_1_260' title='bbox 544 2389 683 2460; x_wconf 84' lang='grc' dir='ltr'><strong><em>μήν,</em></strong></span> <span class='ocrx_word' id='word_1_261' title='bbox 722 2384 766 2444; x_wconf 77' lang='grc' dir='ltr'><em>ὦ</em></span> <span class='ocrx_word' id='word_1_262' title='bbox 788 2396 912 2459; x_wconf 87' lang='grc' dir='ltr'><strong><em>φίλε</em></strong></span> <span class='ocrx_word' id='word_1_263' title='bbox 930 2386 1210 2458; x_wconf 77' lang='grc' dir='ltr'><strong><em>Ἀγάθων,</em></strong></span> <span class='ocrx_word' id='word_1_264' title='bbox 1241 2393 1422 2452; x_wconf 74' lang='grc' dir='ltr'><strong><em>καλῶς</em></strong></span> <span class='ocrx_word' id='word_1_265' title='bbox 1438 2408 1531 2458; x_wconf 89' lang='grc' dir='ltr'><strong><em>μοι</em></strong></span> <span class='ocrx_word' id='word_1_266' title='bbox 1549 2389 1734 2453; x_wconf 76' lang='grc' dir='ltr'><strong><em>ἔδοξας</em></strong></span> 
     </span>
     <span class='ocr_line' id='line_1_30' title="bbox 54 2468 1734 2544; baseline -0.001 -17"><span class='ocrx_word' id='word_1_267' title='bbox 54 2472 487 2544; x_wconf 82' lang='grc' dir='ltr'><strong><em>καθηγήσασθαι</em></strong></span> <span class='ocrx_word' id='word_1_268' title='bbox 503 2478 606 2526; x_wconf 86' lang='grc' dir='ltr'><strong><em>τοῦ</em></strong></span> <span class='ocrx_word' id='word_1_269' title='bbox 625 2473 823 2542; x_wconf 84' lang='grc' dir='ltr'><strong><em>λόγου,</em></strong></span> <span class='ocrx_word' id='word_1_270' title='bbox 846 2475 1021 2541; x_wconf 82' lang='grc' dir='ltr'><strong><em>λέγων</em></strong></span> <span class='ocrx_word' id='word_1_271' title='bbox 1038 2469 1122 2525; x_wconf 84' lang='grc' dir='ltr'><strong><em>ὅτι</em></strong></span> <span class='ocrx_word' id='word_1_272' title='bbox 1140 2477 1363 2541; x_wconf 76' lang='grc' dir='ltr'><strong><em>πρῶτον</em></strong></span> <span class='ocrx_word' id='word_1_273' title='bbox 1379 2470 1479 2541; x_wconf 75' lang='grc' dir='ltr'><strong><em>μὲν</em></strong></span> <span class='ocrx_word' id='word_1_274' title='bbox 1500 2474 1613 2526; x_wconf 91' lang='grc' dir='ltr'><strong><em>δέοι</em></strong></span> <span class='ocrx_word' id='word_1_275' title='bbox 1630 2468 1734 2526; x_wconf 88' lang='grc' dir='ltr'><strong><em>αύ-</em></strong></span> 
     </span>
     <span class='ocr_line' id='line_1_31' title="bbox 53 2551 1732 2625; baseline -0.002 -15"><span class='ocrx_word' id='word_1_276' title='bbox 53 2553 151 2610; x_wconf 89' lang='grc' dir='ltr'><strong><em>τόν</em></strong></span> <span class='ocrx_word' id='word_1_277' title='bbox 177 2557 432 2620; x_wconf 78' lang='grc' dir='ltr'><strong><em>ἐπιδεῖξαι</em></strong></span> <span class='ocrx_word' id='word_1_278' title='bbox 452 2551 643 2618; x_wconf 76' lang='grc' dir='ltr'><strong><em>ὁποῖός</em></strong></span> <span class='ocrx_word' id='word_1_279' title='bbox 660 2558 739 2618; x_wconf 85' lang='grc' dir='ltr'><strong><em>τίς</em></strong></span> <span class='ocrx_word' id='word_1_280' title='bbox 756 2556 904 2609; x_wconf 77' lang='grc' dir='ltr'><strong><em>ἐστιν</em></strong></span> <span class='ocrx_word' id='word_1_281' title='bbox 923 2552 1157 2625; x_wconf 84' lang='grc' dir='ltr'><strong><em>ὁἝρως,</em></strong></span> <span class='ocrx_word' id='word_1_282' title='bbox 1178 2552 1415 2623; x_wconf 80' lang='grc' dir='ltr'><strong><em>ὕστερον</em></strong></span> <span class='ocrx_word' id='word_1_283' title='bbox 1435 2556 1495 2609; x_wconf 78' lang='grc' dir='ltr'><strong><em>δὲ</em></strong></span> <span class='ocrx_word' id='word_1_284' title='bbox 1513 2551 1579 2608; x_wconf 81' lang='grc' dir='ltr'><strong><em>τὰ</em></strong></span> <span class='ocrx_word' id='word_1_285' title='bbox 1600 2558 1732 2622; x_wconf 84' lang='grc' dir='ltr'><strong><em>ἔργα</em></strong></span> 
     </span>
     <span class='ocr_line' id='line_1_32' title="bbox 54 2629 1731 2707; baseline -0.002 -14"><span class='ocrx_word' id='word_1_286' title='bbox 54 2635 245 2693; x_wconf 82' lang='grc' dir='ltr'><strong><em>αὐτοῦ.</em></strong></span> <span class='ocrx_word' id='word_1_287' title='bbox 286 2638 494 2707; x_wconf 86' lang='grc' dir='ltr'><strong><em>ταύτην</em></strong></span> <span class='ocrx_word' id='word_1_288' title='bbox 512 2635 614 2706; x_wconf 83' lang='grc' dir='ltr'><strong><em>τὴν</em></strong></span> <span class='ocrx_word' id='word_1_289' title='bbox 634 2633 809 2706; x_wconf 75' lang='grc' dir='ltr'><strong><em>ἀρχὴν</em></strong></span> <span class='ocrx_word' id='word_1_290' title='bbox 827 2636 978 2691; x_wconf 86' lang='grc' dir='ltr'><strong><em>πάνυ</em></strong></span> <span class='ocrx_word' id='word_1_291' title='bbox 996 2635 1215 2707; x_wconf 73' lang='grc' dir='ltr'><strong><em>ἄγαμαι.</em></strong></span> <span class='ocrx_word' id='word_1_292' title='bbox 1268 2643 1351 2691; x_wconf 76' lang='grc' dir='ltr'><strong><em>ἴθι</em></strong></span> <span class='ocrx_word' id='word_1_293' title='bbox 1372 2629 1479 2691; x_wconf 80' lang='grc' dir='ltr'><strong><em>οὖν</em></strong></span> <span class='ocrx_word' id='word_1_294' title='bbox 1497 2657 1590 2706; x_wconf 88' lang='grc' dir='ltr'><strong><em>μοι</em></strong></span> <span class='ocrx_word' id='word_1_295' title='bbox 1610 2637 1731 2705; x_wconf 77' lang='grc' dir='ltr'><strong><em>περὶ</em></strong></span> 
     </span>
     <span class='ocr_line' id='line_1_33' title="bbox 43 2712 1733 2791; baseline -0.002 -15"><span class='ocrx_word' id='word_1_296' title='bbox 43 2713 294 2790; x_wconf 73' lang='grc' dir='ltr'><strong><em>Ἑρωτος,</em></strong></span> <span class='ocrx_word' id='word_1_297' title='bbox 317 2717 505 2788; x_wconf 79' lang='grc' dir='ltr'><strong><em>ἐπειδὴ</em></strong></span> <span class='ocrx_word' id='word_1_298' title='bbox 527 2719 617 2773; x_wconf 83' lang='grc' dir='ltr'><strong><em>καὶ</em></strong></span> <span class='ocrx_word' id='word_1_299' title='bbox 637 2712 806 2773; x_wconf 82' lang='grc' dir='ltr'><strong><em>τᾶλλα</em></strong></span> <span class='ocrx_word' id='word_1_300' title='bbox 827 2725 1007 2783; x_wconf 78' lang='grc' dir='ltr'><strong><em>καλῶς</em></strong></span> <span class='ocrx_word' id='word_1_301' title='bbox 1023 2721 1114 2774; x_wconf 81' lang='grc' dir='ltr'><strong><em>καὶ</em></strong></span> <span class='ocrx_word' id='word_1_302' title='bbox 1132 2725 1559 2791; x_wconf 77' lang='grc' dir='ltr'><strong><em>μεγαλοπρεπῶς</em></strong></span> <span class='ocrx_word' id='word_1_303' title='bbox 1580 2721 1733 2788; x_wconf 88' lang='grc' dir='ltr'><strong><em>διῆλ-</em></strong></span> 
     </span>
     <span class='ocr_line' id='line_1_34' title="bbox 55 2795 1792 2871; baseline 0 -15"><span class='ocrx_word' id='word_1_304' title='bbox 55 2806 156 2866; x_wconf 72' lang='grc' dir='ltr'><strong><em>θες</em></strong></span> <span class='ocrx_word' id='word_1_305' title='bbox 187 2798 303 2867; x_wconf 81' lang='grc' dir='ltr'><strong><em>οἷός</em></strong></span> <span class='ocrx_word' id='word_1_306' title='bbox 337 2802 477 2871; x_wconf 70' lang='grc' dir='ltr'><strong><em>ἐστι,</em></strong></span> <span class='ocrx_word' id='word_1_307' title='bbox 517 2802 607 2856; x_wconf 81' lang='grc' dir='ltr'><strong><em>καὶ</em></strong></span> <span class='ocrx_word' id='word_1_308' title='bbox 639 2798 764 2855; x_wconf 86' lang='grc' dir='ltr'><strong><em>τόδε</em></strong></span> <span class='ocrx_word' id='word_1_309' title='bbox 786 2804 905 2856; x_wconf 79' lang='grc' dir='ltr'><strong><em>εἰπέ</em></strong></span> <span class='ocrx_word' id='word_1_310' title='bbox 918 2822 927 2832; x_wconf 94' lang='grc'><strong><em>·</em></strong></span> <span class='ocrx_word' id='word_1_311' title='bbox 964 2801 1204 2871; x_wconf 85' lang='grc' dir='ltr'><strong><em>πότερόν</em></strong></span> <span class='ocrx_word' id='word_1_312' title='bbox 1221 2804 1331 2857; x_wconf 78' lang='grc' dir='ltr'><strong><em>ἐστι</em></strong></span> <span class='ocrx_word' id='word_1_313' title='bbox 1350 2806 1599 2866; x_wconf 84' lang='grc' dir='ltr'><strong><em>τοιοῦτος</em></strong></span> <span class='ocrx_word' id='word_1_314' title='bbox 1617 2795 1733 2865; x_wconf 87' lang='grc' dir='ltr'><strong><em>οἷος</em></strong></span> <span class='ocrx_word' id='word_1_315' title='bbox 1760 2816 1792 2856; x_wconf 84' lang='grc'><strong><em>1)</em></strong></span> 
     </span>
    </p>
   </div>
   <div class='ocr_carea' id='block_1_6' title="bbox 1940 258 2028 313">
    <p class='ocr_par' dir='ltr' id='par_1_8' title="bbox 1855 258 2028 313">
     <span class='ocr_line' id='line_1_35' title="bbox 1940 258 2028 313; baseline -0.023 -14.965"><span class='ocrx_word' id='word_1_316' title='bbox 1940 258 2028 313; x_wconf 53' lang='lat' dir='ltr'><strong><em>-ffl</em></strong></span> 
     </span>
    </p>
   </div>
  </div>
 </body>
</html>
