<?xml version="1.0" encoding="UTF-8"?>
<!DOCTYPE html PUBLIC "-//W3C//DTD XHTML 1.0 Transitional//EN"
    "http://www.w3.org/TR/xhtml1/DTD/xhtml1-transitional.dtd">
<html xmlns="http://www.w3.org/1999/xhtml" xml:lang="en" lang="en">
 <head>
  <title>
</title>
<meta http-equiv="Content-Type" content="text/html;charset=utf-8" />
  <meta name='ocr-system' content='tesseract 3.04.00' />
  <meta name='ocr-capabilities' content='ocr_page ocr_carea ocr_par ocr_line ocrx_word'/>
</head>
<body>
  <div class='ocr_page' id='page_1' title='image "./dialogisecumdumt02platuoft_0380.png"; bbox 0 0 2028 3198; ppageno 0'>
   <div class='ocr_carea' id='block_1_1' title="bbox 305 150 1969 218">
    <p class='ocr_par' dir='ltr' id='par_1_1' title="bbox 305 150 1969 218">
     <span class='ocr_line' id='line_1_1' title="bbox 305 150 1969 218; baseline 0.002 -15"><span class='ocrx_word' id='word_1_1' title='bbox 305 150 414 203; x_wconf 82' lang='lat'><em>350</em></span> <span class='ocrx_word' id='word_1_2' title='bbox 916 157 1127 204; x_wconf 81' lang='lat' dir='ltr'><strong><em>1H11A</em></strong></span> <span class='ocrx_word' id='word_1_3' title='bbox 1140 159 1360 206; x_wconf 76' lang='grc' dir='ltr'><strong><em>ΡΧοΣ.</em></strong></span> <span class='ocrx_word' id='word_1_4' title='bbox 1925 173 1969 218; x_wconf 58' lang='lat' dir='ltr'><em>g.</em></span> 
     </span>
    </p>
   </div>
   <div class='ocr_carea' id='block_1_2' title="bbox 243 285 1984 771">
    <p class='ocr_par' dir='ltr' id='par_1_2' title="bbox 243 285 1984 771">
     <span class='ocr_line' id='line_1_2' title="bbox 301 285 1984 369; baseline 0.008 -29"><span class='ocrx_word' id='word_1_5' title='bbox 301 286 404 341; x_wconf 89' lang='grc' dir='ltr'><em>τόν</em></span> <span class='ocrx_word' id='word_1_6' title='bbox 425 290 742 358; x_wconf 78' lang='grc' dir='ltr'><em>φιλοκερδῆ.</em></span> <span class='ocrx_word' id='word_1_7' title='bbox 793 285 983 359; x_wconf 75' lang='grc' dir='ltr'><em>ὀρθῶς</em></span> <span class='ocrx_word' id='word_1_8' title='bbox 1003 287 1053 343; x_wconf 91' lang='grc' dir='ltr'><em>δ’</em></span> <span class='ocrx_word' id='word_1_9' title='bbox 1079 291 1190 345; x_wconf 83' lang='grc' dir='ltr'><em>ἐστὶ</em></span> <span class='ocrx_word' id='word_1_10' title='bbox 1216 312 1413 346; x_wconf 84' lang='grc' dir='ltr'><em>τουτον</em></span> <span class='ocrx_word' id='word_1_11' title='bbox 1447 290 1703 364; x_wconf 80' lang='grc' dir='ltr'><em>ἡγεῖσθαι</em></span> <span class='ocrx_word' id='word_1_12' title='bbox 1723 304 1984 369; x_wconf 86' lang='grc' dir='ltr'><em>φιλοκερ-</em></span> 
     </span>
     <span class='ocr_line' id='line_1_3' title="bbox 243 364 1983 449; baseline 0.01 -29"><span class='ocrx_word' id='word_1_13' title='bbox 243 376 276 416; x_wconf 90' lang='lat' dir='ltr'>D</span> <span class='ocrx_word' id='word_1_14' title='bbox 307 371 405 439; x_wconf 81' lang='grc' dir='ltr'><em>δῆ,</em></span> <span class='ocrx_word' id='word_1_15' title='bbox 441 366 501 433; x_wconf 79' lang='grc' dir='ltr'><em>ὃς</em></span> <span class='ocrx_word' id='word_1_16' title='bbox 520 364 594 424; x_wconf 79' lang='grc' dir='ltr'><em>ὄίν</em></span> <span class='ocrx_word' id='word_1_17' title='bbox 613 370 896 442; x_wconf 78' lang='grc' dir='ltr'><em>σπουδάζῃ</em></span> <span class='ocrx_word' id='word_1_18' title='bbox 926 372 1012 426; x_wconf 84' lang='grc' dir='ltr'><em>ἐπὶ</em></span> <span class='ocrx_word' id='word_1_19' title='bbox 1032 371 1250 437; x_wconf 83' lang='grc' dir='ltr'><em>τούτοις</em></span> <span class='ocrx_word' id='word_1_20' title='bbox 1277 377 1367 429; x_wconf 86' lang='grc' dir='ltr'><em>καὶ</em></span> <span class='ocrx_word' id='word_1_21' title='bbox 1397 372 1539 441; x_wconf 77' lang='grc' dir='ltr'><em>ἀξιοῖ</em></span> <span class='ocrx_word' id='word_1_22' title='bbox 1566 381 1876 449; x_wconf 78' lang='grc' dir='ltr'><em>κερδαίνειν</em></span> <span class='ocrx_word' id='word_1_23' title='bbox 1893 379 1983 437; x_wconf 74' lang='grc' dir='ltr'><em>ἀπ’</em></span> 
     </span>
     <span class='ocr_line' id='line_1_4' title="bbox 305 444 1742 529; baseline 0.01 -26"><span class='ocrx_word' id='word_1_24' title='bbox 305 448 520 519; x_wconf 76' lang='grc' dir='ltr'><em>αὐτῶν,</em></span> <span class='ocrx_word' id='word_1_25' title='bbox 543 449 635 521; x_wconf 80' lang='grc' dir='ltr'><em>ἀφ’</em></span> <span class='ocrx_word' id='word_1_26' title='bbox 660 444 740 507; x_wconf 77' lang='grc' dir='ltr'><em>ὦν</em></span> <span class='ocrx_word' id='word_1_27' title='bbox 760 455 816 507; x_wconf 82' lang='grc' dir='ltr'><em>οἱ</em></span> <span class='ocrx_word' id='word_1_28' title='bbox 830 455 1052 524; x_wconf 84' lang='grc' dir='ltr'><em>χρηστοὶ</em></span> <span class='ocrx_word' id='word_1_29' title='bbox 1073 451 1142 509; x_wconf 82' lang='grc' dir='ltr'><em>οὐ</em></span> <span class='ocrx_word' id='word_1_30' title='bbox 1161 461 1402 512; x_wconf 78' lang='grc' dir='ltr'><em>τολιιῶσι</em></span> <span class='ocrx_word' id='word_1_31' title='bbox 1419 463 1742 529; x_wconf 80' lang='grc' dir='ltr'><em>κερδαίνειν</em></span> 
     </span>
     <span class='ocr_line' id='line_1_5' title="bbox 444 531 1980 615; baseline 0.01 -28"><span class='ocrx_word' id='word_1_32' title='bbox 444 539 569 588; x_wconf 75' lang='grc' dir='ltr'><em>ΣΩ.</em></span> <span class='ocrx_word' id='word_1_33' title='bbox 624 531 756 589; x_wconf 78' lang='grc' dir='ltr'><em>Ἀλλ’</em></span> <span class='ocrx_word' id='word_1_34' title='bbox 782 532 941 607; x_wconf 77' lang='grc' dir='ltr'><em>ὁρᾷς,</em></span> <span class='ocrx_word' id='word_1_35' title='bbox 982 557 1024 590; x_wconf 86' lang='grc' dir='ltr'><strong>ω</strong></span> <span class='ocrx_word' id='word_1_36' title='bbox 1058 542 1393 608; x_wconf 84' lang='grc' dir='ltr'><em>γλυκυτατε,</em></span> <span class='ocrx_word' id='word_1_37' title='bbox 1428 540 1489 596; x_wconf 88' lang='grc' dir='ltr'><strong>τό</strong></span> <span class='ocrx_word' id='word_1_38' title='bbox 1518 545 1882 614; x_wconf 67' lang='grc' dir='ltr'><em>κερδαίνειν’</em></span> <span class='ocrx_word' id='word_1_39' title='bbox 1857 546 1980 615; x_wconf 87' lang='grc' dir='ltr'><em>α’ρτι</em></span> 
     </span>
     <span class='ocr_line' id='line_1_6' title="bbox 305 611 1273 687; baseline 0.009 -21"><span class='ocrx_word' id='word_1_40' title='bbox 305 611 740 686; x_wconf 86' lang='grc' dir='ltr'><em>ωμολογήσαμεν</em></span> <span class='ocrx_word' id='word_1_41' title='bbox 761 615 900 671; x_wconf 84' lang='grc' dir='ltr'><em>εἶναι</em></span> <span class='ocrx_word' id='word_1_42' title='bbox 920 615 1273 687; x_wconf 84' lang='grc' dir='ltr'><em>ωφελεῖσθαι.</em></span> 
     </span>
     <span class='ocr_line' id='line_1_7' title="bbox 439 692 1104 771; baseline 0.008 -20"><span class='ocrx_word' id='word_1_43' title='bbox 439 703 550 752; x_wconf 90' lang='grc' dir='ltr'><em>ΕΤ.</em></span> <span class='ocrx_word' id='word_1_44' title='bbox 614 703 684 753; x_wconf 90' lang='grc' dir='ltr'><em>Τί</em></span> <span class='ocrx_word' id='word_1_45' title='bbox 697 692 802 754; x_wconf 78' lang='grc' dir='ltr'><em>οὖν</em></span> <span class='ocrx_word' id='word_1_46' title='bbox 826 698 891 771; x_wconf 85' lang='grc' dir='ltr'><em>δὴ</em></span> <span class='ocrx_word' id='word_1_47' title='bbox 910 707 1102 756; x_wconf 82' lang='grc' dir='ltr'><em>τοῦτο·</em></span> <span class='ocrx_word' id='word_1_48' title='bbox 1089 743 1104 767; x_wconf 90' lang='grc'><em>,</em></span> 
     </span>
    </p>
   </div>
   <div class='ocr_carea' id='block_1_3' title="bbox 301 778 1976 932">
    <p class='ocr_par' dir='ltr' id='par_1_3' title="bbox 301 778 1976 932">
     <span class='ocr_line' id='line_1_8' title="bbox 438 778 1976 862; baseline 0.01 -29"><span class='ocrx_word' id='word_1_49' title='bbox 438 784 562 834; x_wconf 64' lang='grc' dir='ltr'><strong><em>ΣΩ..</em></strong></span> <span class='ocrx_word' id='word_1_50' title='bbox 607 778 724 836; x_wconf 88' lang='grc' dir='ltr'><em>Ότι</em></span> <span class='ocrx_word' id='word_1_51' title='bbox 743 783 834 838; x_wconf 81' lang='grc' dir='ltr'><em>καὶ</em></span> <span class='ocrx_word' id='word_1_52' title='bbox 852 782 979 838; x_wconf 89' lang='grc' dir='ltr'><em>τόδε</em></span> <span class='ocrx_word' id='word_1_53' title='bbox 998 782 1151 857; x_wconf 76' lang='grc' dir='ltr'><em>αὐτῷ</em></span> <span class='ocrx_word' id='word_1_54' title='bbox 1169 787 1761 860; x_wconf 83' lang='grc' dir='ltr'><em>προσωμολογήσαμεν,</em></span> <span class='ocrx_word' id='word_1_55' title='bbox 1774 792 1976 862; x_wconf 85' lang='grc' dir='ltr'><em>βούλε-</em></span> 
     </span>
     <span class='ocr_line' id='line_1_9' title="bbox 301 859 1183 932; baseline 0.01 -18"><span class='ocrx_word' id='word_1_56' title='bbox 301 868 435 915; x_wconf 90' lang='grc' dir='ltr'><em>σθαι</em></span> <span class='ocrx_word' id='word_1_57' title='bbox 454 860 519 915; x_wconf 71' lang='grc' dir='ltr'><em>τά</em></span> <span class='ocrx_word' id='word_1_58' title='bbox 541 859 728 932; x_wconf 79' lang='grc' dir='ltr'><em>ἀγαθα</em></span> <span class='ocrx_word' id='word_1_59' title='bbox 749 865 955 930; x_wconf 78' lang='grc' dir='ltr'><em>πάντας</em></span> <span class='ocrx_word' id='word_1_60' title='bbox 973 868 1063 922; x_wconf 84' lang='grc' dir='ltr'><em>καὶ</em></span> <span class='ocrx_word' id='word_1_61' title='bbox 1084 865 1183 923; x_wconf 87' lang='grc' dir='ltr'><em>αεί.</em></span> 
     </span>
    </p>
   </div>
   <div class='ocr_carea' id='block_1_4' title="bbox 195 950 2028 2919">
    <p class='ocr_par' dir='ltr' id='par_1_4' title="bbox 195 950 2028 2919">
     <span class='ocr_line' id='line_1_10' title="bbox 439 950 738 1003; baseline 0.007 -4"><span class='ocrx_word' id='word_1_62' title='bbox 439 950 553 999; x_wconf 89' lang='grc' dir='ltr'><em>ΕΤ.</em></span> <span class='ocrx_word' id='word_1_63' title='bbox 609 951 738 1003; x_wconf 90' lang='grc' dir='ltr'><strong><em>Ναί.</em></strong></span> 
     </span>
     <span class='ocr_line' id='line_1_11' title="bbox 440 1029 1971 1109; baseline 0.007 -27"><span class='ocrx_word' id='word_1_64' title='bbox 440 1033 565 1083; x_wconf 73' lang='grc' dir='ltr'><em>ΣΩ.</em></span> <span class='ocrx_word' id='word_1_65' title='bbox 630 1029 859 1085; x_wconf 83' lang='grc' dir='ltr'><em>Οὐκοῦν</em></span> <span class='ocrx_word' id='word_1_66' title='bbox 889 1033 980 1086; x_wconf 89' lang='grc' dir='ltr'><em>καὶ</em></span> <span class='ocrx_word' id='word_1_67' title='bbox 1010 1034 1067 1087; x_wconf 78' lang='grc' dir='ltr'><em>οἱ</em></span> <span class='ocrx_word' id='word_1_68' title='bbox 1092 1030 1296 1101; x_wconf 69' lang='grc' dir='ltr'><em>ἀγαθοὶ</em></span> <span class='ocrx_word' id='word_1_69' title='bbox 1328 1033 1508 1089; x_wconf 79' lang='grc' dir='ltr'><em>πάντα</em></span> <span class='ocrx_word' id='word_1_70' title='bbox 1536 1033 1601 1090; x_wconf 77' lang='grc' dir='ltr'><em>τα</em></span> <span class='ocrx_word' id='word_1_71' title='bbox 1630 1038 1794 1107; x_wconf 84' lang='grc' dir='ltr'><em>κέρδη</em></span> <span class='ocrx_word' id='word_1_72' title='bbox 1830 1039 1971 1109; x_wconf 72' lang='grc' dir='ltr'><em>βου-</em></span> 
     </span>
     <span class='ocr_line' id='line_1_12' title="bbox 298 1113 1320 1184; baseline 0.006 -20"><span class='ocrx_word' id='word_1_73' title='bbox 298 1117 486 1166; x_wconf 86' lang='grc' dir='ltr'><em>λονται</em></span> <span class='ocrx_word' id='word_1_74' title='bbox 506 1115 672 1182; x_wconf 80' lang='grc' dir='ltr'><em>ἔχειν,</em></span> <span class='ocrx_word' id='word_1_75' title='bbox 698 1121 848 1182; x_wconf 75' lang='grc' dir='ltr'><em>εἴπερ</em></span> <span class='ocrx_word' id='word_1_76' title='bbox 869 1113 1056 1182; x_wconf 79' lang='grc' dir='ltr'><em>ἀγαθά</em></span> <span class='ocrx_word' id='word_1_77' title='bbox 1072 1117 1137 1184; x_wconf 79' lang='grc' dir='ltr'><em>γε’</em></span> <span class='ocrx_word' id='word_1_78' title='bbox 1155 1117 1320 1170; x_wconf 85' lang='grc' dir='ltr'><em>ἐστιν.</em></span> 
     </span>
     <span class='ocr_line' id='line_1_13' title="bbox 209 1189 1974 1273; baseline 0.006 -27"><span class='ocrx_word' id='word_1_79' title='bbox 209 1206 242 1245; x_wconf 85' lang='grc' dir='ltr'><strong><em>Ε</em></strong></span> <span class='ocrx_word' id='word_1_80' title='bbox 437 1199 549 1249; x_wconf 89' lang='grc' dir='ltr'><em>ΕΤ.</em></span> <span class='ocrx_word' id='word_1_81' title='bbox 612 1194 731 1251; x_wconf 80' lang='grc' dir='ltr'><em>Οὐκ</em></span> <span class='ocrx_word' id='word_1_82' title='bbox 752 1194 842 1266; x_wconf 81' lang='grc' dir='ltr'><em>ἀφ’</em></span> <span class='ocrx_word' id='word_1_83' title='bbox 869 1189 947 1252; x_wconf 77' lang='grc' dir='ltr'><em>ὦν</em></span> <span class='ocrx_word' id='word_1_84' title='bbox 967 1219 1028 1267; x_wconf 89' lang='grc' dir='ltr'><em>γε</em></span> <span class='ocrx_word' id='word_1_85' title='bbox 1048 1201 1371 1269; x_wconf 83' lang='grc' dir='ltr'><em>μέλλουσιν,</em></span> <span class='ocrx_word' id='word_1_86' title='bbox 1414 1194 1457 1255; x_wconf 72' lang='lat'><em>03</em></span> <span class='ocrx_word' id='word_1_87' title='bbox 1475 1200 1798 1271; x_wconf 74' lang='grc' dir='ltr'><em>Σώκρατες,</em></span> <span class='ocrx_word' id='word_1_88' title='bbox 1835 1208 1974 1273; x_wconf 84' lang='grc' dir='ltr'><em>βλα-</em></span> 
     </span>
     <span class='ocr_line' id='line_1_14' title="bbox 294 1275 949 1349; baseline 0.009 -20"><span class='ocrx_word' id='word_1_89' title='bbox 294 1275 568 1346; x_wconf 83' lang='grc' dir='ltr'><em>βήσεσθαι</em></span> <span class='ocrx_word' id='word_1_90' title='bbox 585 1284 698 1333; x_wconf 79' lang='grc' dir='ltr'><em>τῶν</em></span> <span class='ocrx_word' id='word_1_91' title='bbox 718 1282 949 1349; x_wconf 73' lang='grc' dir='ltr'><em>κερδῶν.</em></span> 
     </span>
     <span class='ocr_line' id='line_1_15' title="bbox 429 1360 1968 1435; baseline 0.005 -21"><span class='ocrx_word' id='word_1_92' title='bbox 429 1365 554 1416; x_wconf 73' lang='grc' dir='ltr'><strong><em>ΣΩ.</em></strong></span> <span class='ocrx_word' id='word_1_93' title='bbox 607 1363 999 1433; x_wconf 80' lang='grc' dir='ltr'><em>Βλαβήσεσθαι</em></span> <span class='ocrx_word' id='word_1_94' title='bbox 1022 1367 1079 1420; x_wconf 79' lang='grc' dir='ltr'><em>δὲ</em></span> <span class='ocrx_word' id='word_1_95' title='bbox 1100 1367 1274 1435; x_wconf 84' lang='grc' dir='ltr'><em>λέγεις</em></span> <span class='ocrx_word' id='word_1_96' title='bbox 1294 1363 1663 1435; x_wconf 79' lang='grc' dir='ltr'><em>ζημιώσεσθαι</em></span> <span class='ocrx_word' id='word_1_97' title='bbox 1683 1360 1718 1434; x_wconf 80' lang='grc' dir='ltr'><strong><em>ἢ</em></strong></span> <span class='ocrx_word' id='word_1_98' title='bbox 1739 1361 1872 1420; x_wconf 77' lang='grc' dir='ltr'><em>ἄλλο</em></span> <span class='ocrx_word' id='word_1_99' title='bbox 1893 1387 1968 1423; x_wconf 66' lang='grc' dir='ltr'><em>τις</em></span> 
     </span>
     <span class='ocr_line' id='line_1_16' title="bbox 426 1443 1460 1517; baseline 0.004 -20"><span class='ocrx_word' id='word_1_100' title='bbox 426 1449 539 1497; x_wconf 90' lang='grc' dir='ltr'><em>ΕΤ.</em></span> <span class='ocrx_word' id='word_1_101' title='bbox 599 1443 738 1515; x_wconf 80' lang='grc' dir='ltr'><em>Οὔκ,</em></span> <span class='ocrx_word' id='word_1_102' title='bbox 761 1443 900 1501; x_wconf 75' lang='grc' dir='ltr'><em>ἄλλα</em></span> <span class='ocrx_word' id='word_1_103' title='bbox 918 1447 1285 1517; x_wconf 77' lang='grc' dir='ltr'><em>ζημιώσεσθαι</em></span> <span class='ocrx_word' id='word_1_104' title='bbox 1306 1448 1460 1516; x_wconf 86' lang='grc' dir='ltr'><em>λέγω.</em></span> 
     </span>
     <span class='ocr_line' id='line_1_17' title="bbox 426 1523 1967 1602; baseline 0.003 -22"><span class='ocrx_word' id='word_1_105' title='bbox 426 1529 550 1582; x_wconf 73' lang='grc' dir='ltr'><em>ΣΩ.</em></span> <span class='ocrx_word' id='word_1_106' title='bbox 600 1524 727 1582; x_wconf 72' lang='grc' dir='ltr'><em>Ὑπὸ</em></span> <span class='ocrx_word' id='word_1_107' title='bbox 767 1535 868 1582; x_wconf 83' lang='grc' dir='ltr'><em>τοῦ</em></span> <span class='ocrx_word' id='word_1_108' title='bbox 903 1531 1135 1598; x_wconf 82' lang='grc' dir='ltr'><em>κέρδους</em></span> <span class='ocrx_word' id='word_1_109' title='bbox 1174 1523 1277 1585; x_wconf 77' lang='grc' dir='ltr'><em>οὖν</em></span> <span class='ocrx_word' id='word_1_110' title='bbox 1316 1533 1630 1601; x_wconf 81' lang='grc' dir='ltr'><em>ζημιοῦνται</em></span> <span class='ocrx_word' id='word_1_111' title='bbox 1660 1525 1694 1600; x_wconf 76' lang='grc' dir='ltr'><strong><em>ἦ</em></strong></span> <span class='ocrx_word' id='word_1_112' title='bbox 1733 1529 1842 1585; x_wconf 79' lang='grc' dir='ltr'><em>ὑπὸ</em></span> <span class='ocrx_word' id='word_1_113' title='bbox 1874 1538 1967 1602; x_wconf 84' lang='grc' dir='ltr'><em>τῆς</em></span> 
     </span>
     <span class='ocr_line' id='line_1_18' title="bbox 290 1606 814 1678; baseline 0.006 -17"><span class='ocrx_word' id='word_1_114' title='bbox 290 1612 476 1678; x_wconf 83' lang='grc' dir='ltr'><em>ζημίας</em></span> <span class='ocrx_word' id='word_1_115' title='bbox 495 1606 814 1678; x_wconf 68' lang='grc' dir='ltr'><em>ἄνθρωποις</em></span> 
     </span>
     <span class='ocr_line' id='line_1_19' title="bbox 425 1689 1968 1768; baseline 0.005 -23"><span class='ocrx_word' id='word_1_116' title='bbox 425 1697 538 1746; x_wconf 93' lang='grc' dir='ltr'><em>ΕΤ.</em></span> <span class='ocrx_word' id='word_1_117' title='bbox 588 1689 714 1747; x_wconf 70' lang='grc' dir='ltr'><em>Ὑπὸ</em></span> <span class='ocrx_word' id='word_1_118' title='bbox 739 1692 1092 1764; x_wconf 73' lang='grc' dir='ltr'><em>ἀμφοτέρων·</em></span> <span class='ocrx_word' id='word_1_119' title='bbox 1134 1697 1222 1751; x_wconf 82' lang='grc' dir='ltr'><em>καὶ</em></span> <span class='ocrx_word' id='word_1_120' title='bbox 1242 1693 1348 1767; x_wconf 75' lang='grc' dir='ltr'><em>γὰρ</em></span> <span class='ocrx_word' id='word_1_121' title='bbox 1370 1693 1477 1751; x_wconf 83' lang='grc' dir='ltr'><em>ὑπὸ</em></span> <span class='ocrx_word' id='word_1_122' title='bbox 1498 1703 1592 1767; x_wconf 88' lang='grc' dir='ltr'><em>τῆς</em></span> <span class='ocrx_word' id='word_1_123' title='bbox 1612 1701 1798 1767; x_wconf 78' lang='grc' dir='ltr'><em>ζημίας</em></span> <span class='ocrx_word' id='word_1_124' title='bbox 1817 1701 1968 1768; x_wconf 81' lang='grc' dir='ltr'><em>ζημι-</em></span> 
     </span>
     <span class='ocr_line' id='line_1_20' title="bbox 291 1772 1506 1849; baseline 0.006 -22"><span class='ocrx_word' id='word_1_125' title='bbox 291 1779 485 1828; x_wconf 86' lang='grc' dir='ltr'><em>οῦνται</em></span> <span class='ocrx_word' id='word_1_126' title='bbox 504 1777 595 1831; x_wconf 85' lang='grc' dir='ltr'><em>καὶ</em></span> <span class='ocrx_word' id='word_1_127' title='bbox 613 1772 722 1830; x_wconf 81' lang='grc' dir='ltr'><em>ὑπὸ</em></span> <span class='ocrx_word' id='word_1_128' title='bbox 744 1783 846 1831; x_wconf 80' lang='grc' dir='ltr'><em>τοῦ</em></span> <span class='ocrx_word' id='word_1_129' title='bbox 866 1779 1099 1847; x_wconf 84' lang='grc' dir='ltr'><em>κέρδους</em></span> <span class='ocrx_word' id='word_1_130' title='bbox 1119 1785 1220 1833; x_wconf 85' lang='grc' dir='ltr'><em>τοῦ</em></span> <span class='ocrx_word' id='word_1_131' title='bbox 1239 1785 1506 1849; x_wconf 85' lang='grc' dir='ltr'><em>πονηροῦ.</em></span> 
     </span>
     <span class='ocr_line' id='line_1_21' title="bbox 413 1853 1957 1933; baseline 0.005 -22"><span class='ocrx_word' id='word_1_132' title='bbox 413 1863 537 1912; x_wconf 75' lang='grc' dir='ltr'><em>ΣΩ.</em></span> <span class='ocrx_word' id='word_1_133' title='bbox 587 1853 657 1912; x_wconf 85' lang='grc' dir='ltr'><em>Ἦ</em></span> <span class='ocrx_word' id='word_1_134' title='bbox 673 1861 828 1914; x_wconf 79' lang='grc' dir='ltr'><em>δοκεῖ</em></span> <span class='ocrx_word' id='word_1_135' title='bbox 844 1853 950 1914; x_wconf 76' lang='grc' dir='ltr'><em>οὖν</em></span> <span class='ocrx_word' id='word_1_136' title='bbox 967 1867 1022 1915; x_wconf 91' lang='grc' dir='ltr'><em>τί</em></span> <span class='ocrx_word' id='word_1_137' title='bbox 1048 1879 1136 1916; x_wconf 94' lang='grc' dir='ltr'><em>σοι</em></span> <span class='ocrx_word' id='word_1_138' title='bbox 1164 1859 1399 1931; x_wconf 85' lang='grc' dir='ltr'><em>χρηστὸν</em></span> <span class='ocrx_word' id='word_1_139' title='bbox 1431 1862 1521 1917; x_wconf 80' lang='grc' dir='ltr'><em>καὶ</em></span> <span class='ocrx_word' id='word_1_140' title='bbox 1539 1859 1760 1932; x_wconf 73' lang='grc' dir='ltr'><em>ἀγαθὸν</em></span> <span class='ocrx_word' id='word_1_141' title='bbox 1779 1869 1957 1933; x_wconf 77' lang='grc' dir='ltr'><em>πρᾶγ-</em></span> 
     </span>
     <span class='ocr_line' id='line_1_22' title="bbox 286 1937 812 2009; baseline 0.004 -17"><span class='ocrx_word' id='word_1_142' title='bbox 286 1959 360 2007; x_wconf 87' lang='grc' dir='ltr'><em>μα</em></span> <span class='ocrx_word' id='word_1_143' title='bbox 380 1937 630 2009; x_wconf 85' lang='grc' dir='ltr'><em>πονηρὸν</em></span> <span class='ocrx_word' id='word_1_144' title='bbox 650 1939 812 2004; x_wconf 82' lang='grc' dir='ltr'><em>εἶναι;</em></span> 
     </span>
     <span class='ocr_line' id='line_1_23' title="bbox 417 2019 928 2093; baseline 0.004 -18"><span class='ocrx_word' id='word_1_145' title='bbox 417 2027 528 2075; x_wconf 93' lang='grc' dir='ltr'><em>ΕΤ.</em></span> <span class='ocrx_word' id='word_1_146' title='bbox 590 2019 710 2077; x_wconf 79' lang='grc' dir='ltr'><em>Οὐκ</em></span> <span class='ocrx_word' id='word_1_147' title='bbox 731 2027 928 2093; x_wconf 81' lang='grc' dir='ltr'><em>ἔμοιγε.</em></span> 
     </span>
     <span class='ocr_line' id='line_1_24' title="bbox 195 2102 1955 2178; baseline 0.003 -22"><span class='ocrx_word' id='word_1_148' title='bbox 195 2111 282 2155; x_wconf 76' lang='lat'><em>228</em></span> <span class='ocrx_word' id='word_1_149' title='bbox 424 2109 547 2159; x_wconf 76' lang='grc' dir='ltr'><em>ΣΩ.</em></span> <span class='ocrx_word' id='word_1_150' title='bbox 605 2102 834 2159; x_wconf 80' lang='grc' dir='ltr'><em>Οὐκοῦν</em></span> <span class='ocrx_word' id='word_1_151' title='bbox 879 2102 1309 2178; x_wconf 80' lang='grc' dir='ltr'><em>ὡμολογήσαμεν</em></span> <span class='ocrx_word' id='word_1_152' title='bbox 1358 2106 1548 2178; x_wconf 80' lang='grc' dir='ltr'><em>ὀλίγον</em></span> <span class='ocrx_word' id='word_1_153' title='bbox 1585 2107 1856 2177; x_wconf 86' lang='grc' dir='ltr'><em>πρότερον</em></span> <span class='ocrx_word' id='word_1_154' title='bbox 1897 2107 1955 2161; x_wconf 84' lang='grc' dir='ltr'><em>τὸ</em></span> 
     </span>
     <span class='ocr_line' id='line_1_25' title="bbox 285 2187 1510 2261; baseline 0.003 -20"><span class='ocrx_word' id='word_1_155' title='bbox 285 2189 478 2254; x_wconf 84' lang='grc' dir='ltr'><em>κέρδος</em></span> <span class='ocrx_word' id='word_1_156' title='bbox 494 2194 561 2259; x_wconf 83' lang='grc' dir='ltr'><em>τῇ</em></span> <span class='ocrx_word' id='word_1_157' title='bbox 581 2191 739 2261; x_wconf 77' lang='grc' dir='ltr'><em>ζημίᾳ</em></span> <span class='ocrx_word' id='word_1_158' title='bbox 759 2194 912 2261; x_wconf 74' lang='grc' dir='ltr'><em>κακῷ</em></span> <span class='ocrx_word' id='word_1_159' title='bbox 931 2187 1052 2244; x_wconf 81' lang='grc' dir='ltr'><em>ὄντι</em></span> <span class='ocrx_word' id='word_1_160' title='bbox 1073 2192 1325 2246; x_wconf 85' lang='grc' dir='ltr'><em>ἐναντίον</em></span> <span class='ocrx_word' id='word_1_161' title='bbox 1346 2188 1510 2257; x_wconf 82' lang='grc' dir='ltr'><em>εἷναι;</em></span> 
     </span>
     <span class='ocr_line' id='line_1_26' title="bbox 421 2276 752 2341; baseline 0.003 -16"><span class='ocrx_word' id='word_1_162' title='bbox 421 2276 534 2325; x_wconf 85' lang='lat' dir='ltr'><em>ET.</em></span> <span class='ocrx_word' id='word_1_163' title='bbox 592 2276 752 2341; x_wconf 76' lang='grc' dir='ltr'><strong><em>Φημί.</em></strong></span> 
     </span>
     <span class='ocr_line' id='line_1_27' title="bbox 419 2350 1638 2427; baseline 0.004 -19"><span class='ocrx_word' id='word_1_164' title='bbox 419 2358 544 2408; x_wconf 77' lang='grc' dir='ltr'><em>ΣΩ.</em></span> <span class='ocrx_word' id='word_1_165' title='bbox 591 2351 871 2410; x_wconf 89' lang='grc' dir='ltr'><em>Ἐναντίον</em></span> <span class='ocrx_word' id='word_1_166' title='bbox 892 2356 951 2410; x_wconf 79' lang='grc' dir='ltr'><em>δὲ</em></span> <span class='ocrx_word' id='word_1_167' title='bbox 972 2350 1040 2409; x_wconf 78' lang='grc' dir='ltr'><em>ὂν</em></span> <span class='ocrx_word' id='word_1_168' title='bbox 1059 2359 1213 2427; x_wconf 77' lang='grc' dir='ltr'><em>κακῷ</em></span> <span class='ocrx_word' id='word_1_169' title='bbox 1233 2352 1454 2424; x_wconf 75' lang='grc' dir='ltr'><em>ἀγαθὸν</em></span> <span class='ocrx_word' id='word_1_170' title='bbox 1475 2353 1638 2413; x_wconf 65' lang='grc' dir='ltr'><em>εῖναι-ε</em></span> 
     </span>
     <span class='ocr_line' id='line_1_28' title="bbox 424 2434 1179 2508; baseline 0.004 -18"><span class='ocrx_word' id='word_1_171' title='bbox 424 2441 538 2490; x_wconf 89' lang='grc' dir='ltr'><strong><em>ΕΤ.</em></strong></span> <span class='ocrx_word' id='word_1_172' title='bbox 586 2434 1036 2508; x_wconf 78' lang='grc' dir='ltr'><em>Ὡμολογήσαμεν</em></span> <span class='ocrx_word' id='word_1_173' title='bbox 1056 2437 1179 2507; x_wconf 80' lang='grc' dir='ltr'><strong><em>γάρ.</em></strong></span> 
     </span>
     <span class='ocr_line' id='line_1_29' title="bbox 421 2514 1957 2593; baseline 0.001 -21"><span class='ocrx_word' id='word_1_174' title='bbox 421 2522 544 2572; x_wconf 74' lang='grc' dir='ltr'><em>Σῼ.</em></span> <span class='ocrx_word' id='word_1_175' title='bbox 598 2514 757 2590; x_wconf 75' lang='grc' dir='ltr'><em>Ὁρᾷς</em></span> <span class='ocrx_word' id='word_1_176' title='bbox 786 2540 920 2588; x_wconf 85' lang='grc' dir='ltr'><em>ουν,</em></span> <span class='ocrx_word' id='word_1_177' title='bbox 962 2522 1244 2590; x_wconf 82' lang='grc' dir='ltr'><em>ἐπιχειρεῖς</em></span> <span class='ocrx_word' id='word_1_178' title='bbox 1271 2541 1338 2589; x_wconf 88' lang='grc' dir='ltr'><em>με</em></span> <span class='ocrx_word' id='word_1_179' title='bbox 1376 2521 1675 2593; x_wconf 74' lang='grc' dir='ltr'><em>ἐξαπατᾷν,</em></span> <span class='ocrx_word' id='word_1_180' title='bbox 1714 2521 1957 2590; x_wconf 83' lang='grc' dir='ltr'><em>ἐπίτηδες</em></span> 
     </span>
     <span class='ocr_line' id='line_1_30' title="bbox 285 2598 1414 2672; baseline 0.001 -18"><span class='ocrx_word' id='word_1_181' title='bbox 285 2601 508 2656; x_wconf 84' lang='grc' dir='ltr'><em>ἐναντία</em></span> <span class='ocrx_word' id='word_1_182' title='bbox 527 2601 705 2670; x_wconf 84' lang='grc' dir='ltr'><em>λέγων</em></span> <span class='ocrx_word' id='word_1_183' title='bbox 725 2598 805 2665; x_wconf 84' lang='grc' dir='ltr'><em>οἷς</em></span> <span class='ocrx_word' id='word_1_184' title='bbox 824 2600 947 2671; x_wconf 77' lang='grc' dir='ltr'><em>ἄρτι</em></span> <span class='ocrx_word' id='word_1_185' title='bbox 969 2599 1414 2672; x_wconf 87' lang='grc' dir='ltr'><em>ωμολογήσαμεν.</em></span> 
     </span>
     <span class='ocr_line' id='line_1_31' title="bbox 419 2681 2028 2754; baseline -0.001 -16"><span class='ocrx_word' id='word_1_186' title='bbox 419 2689 532 2738; x_wconf 92' lang='grc' dir='ltr'><em>ΕΤ.</em></span> <span class='ocrx_word' id='word_1_187' title='bbox 593 2681 679 2738; x_wconf 88' lang='lat' dir='ltr'><em>Ov</em></span> <span class='ocrx_word' id='word_1_188' title='bbox 699 2705 773 2753; x_wconf 90' lang='grc' dir='ltr'><em>μα</em></span> <span class='ocrx_word' id='word_1_189' title='bbox 797 2691 934 2753; x_wconf 86' lang='grc' dir='ltr'><em>Δία,</em></span> <span class='ocrx_word' id='word_1_190' title='bbox 956 2707 998 2739; x_wconf 86' lang='grc' dir='ltr'><em>ω</em></span> <span class='ocrx_word' id='word_1_191' title='bbox 1024 2686 1341 2754; x_wconf 74' lang='grc' dir='ltr'><em>Σώκρατες,</em></span> <span class='ocrx_word' id='word_1_192' title='bbox 1376 2682 1514 2740; x_wconf 78' lang='grc' dir='ltr'><em>ἀλλὰ</em></span> <span class='ocrx_word' id='word_1_193' title='bbox 1535 2681 1862 2739; x_wconf 86' lang='grc' dir='ltr'><em>τουναντίον</em></span> <span class='ocrx_word' id='word_1_194' title='bbox 1882 2681 1955 2736; x_wconf 80' lang='grc' dir='ltr'><em>σύ</em></span> <span class='ocrx_word' id='word_1_195' title='bbox 2025 2723 2028 2725; x_wconf 88' lang='grc'>-</span> 
     </span>
     <span class='ocr_line' id='line_1_32' title="bbox 279 2763 2028 2839; baseline -0.001 -19"><span class='ocrx_word' id='word_1_196' title='bbox 279 2786 346 2834; x_wconf 87' lang='grc' dir='ltr'><em>με</em></span> <span class='ocrx_word' id='word_1_197' title='bbox 365 2768 633 2838; x_wconf 83' lang='grc' dir='ltr'><em>ἐξαπατᾳς</em></span> <span class='ocrx_word' id='word_1_198' title='bbox 663 2767 754 2821; x_wconf 85' lang='grc' dir='ltr'><em>καὶ</em></span> <span class='ocrx_word' id='word_1_199' title='bbox 783 2763 886 2821; x_wconf 80' lang='grc' dir='ltr'><em>οὐκ</em></span> <span class='ocrx_word' id='word_1_200' title='bbox 909 2765 1084 2822; x_wconf 87' lang='grc' dir='ltr'><em>οἶδα</em></span> <span class='ocrx_word' id='word_1_201' title='bbox 1051 2787 1160 2839; x_wconf 85' lang='grc' dir='ltr'><em>οπῃ</em></span> <span class='ocrx_word' id='word_1_202' title='bbox 1184 2769 1242 2821; x_wconf 85' lang='grc' dir='ltr'><em>ἐν</em></span> <span class='ocrx_word' id='word_1_203' title='bbox 1263 2778 1374 2831; x_wconf 79' lang='grc' dir='ltr'><em>τοῖς</em></span> <span class='ocrx_word' id='word_1_204' title='bbox 1400 2766 1585 2836; x_wconf 85' lang='grc' dir='ltr'><em>λόγοις</em></span> <span class='ocrx_word' id='word_1_205' title='bbox 1605 2764 1721 2820; x_wconf 76' lang='grc' dir='ltr'><em>ἅνω</em></span> <span class='ocrx_word' id='word_1_206' title='bbox 1739 2765 1829 2820; x_wconf 84' lang='grc' dir='ltr'><em>καὶ</em></span> <span class='ocrx_word' id='word_1_207' title='bbox 1851 2763 1952 2818; x_wconf 76' lang='grc' dir='ltr'><em>κά-</em></span> <span class='ocrx_word' id='word_1_208' title='bbox 2024 2832 2028 2834; x_wconf 12' lang='grc' dir='ltr'>ῃ</span> 
     </span>
     <span class='ocr_line' id='line_1_33' title="bbox 280 2848 2028 2919; baseline 0.003 -18"><span class='ocrx_word' id='word_1_209' title='bbox 280 2869 355 2901; x_wconf 86' lang='grc' dir='ltr'><em>τω</em></span> <span class='ocrx_word' id='word_1_210' title='bbox 379 2852 643 2919; x_wconf 84' lang='grc' dir='ltr'><em>στρέφεις.</em></span> <span class='ocrx_word' id='word_1_211' title='bbox 2026 2848 2028 2851; x_wconf 42' lang='grc'>’</span> 
     </span>
    </p>
   </div>
  </div>
 </body>
</html>
