2028 3198
260 122 398 186 ¹300
910 100 1388 170 HAAvaoz'
1912 128 1972 172 30

185 1092 263 1134 121

432 261 550 311 AA
605 262 798 325 Δῆλον
818 252 898 310 ὅτι
916 256 977 310 ἐν
995 266 1108 318 τοῖς
1130 259 1417 322 γενναίοις.

433 343 555 393 ΣΩ.
618 335 846 393 Οὐκοῦν
866 335 994 401 τοὺς
1013 330 1076 391 εὖ
1097 335 1336 436 φύντας,
1359 334 1455 391 ἐὰν
1474 359 1564 391 και
1586 329 1648 391 εὖ
1668 342 1971 407 τραφῶσιν,

297 418 440 475 οὕτω
461 423 679 483 τελέους
698 425 989 489 γίγνεσθαι
1009 417 1146 488 πρὸς
1165 415 1393 488 ἀρετήν·
1381 458 1394 482 ,

432 506 550 555 ΑΛ.
601 499 853 571 Ἀνάγκη.

435 588 591 639 XVII.
668 587 792 637 Σῼ.
849 582 1205 653 Σκεψώμεθα
1234 583 1328 653 δή,
1367 594 1480 647 τοῖς
1511 585 1736 638 ἐκείνων
1755 583 1817 638 τά
1840 582 1973 654 ἡμέ-

295 686 424 735 τερα
455 661 850 731 ἀντιτιθέντες,
890 669 1111 730 πρῶτον
1141 664 1242 735 μὲν
1272 669 1320 719 εἰ
1347 668 1574 719 δοκοῦσι
1614 668 1974 737 φαυλοτέρων

294 754 475 818 γενῶν
505 745 643 801 εἶναι
673 750 729 801 οἰ
752 749 1206 816 Λακεδαιμονίων
1239 747 1328 802 καὶ
1365 752 1600 815 Περσῶν
1637 753 1876 817 βασιλεῖς
1939 743 1973 816 ἢ

297 827 398 884 οὐκ
421 837 580 898 ἴσμεν
598 826 667 892 ὡς
687 831 743 883 οἱ
757 827 858 898 μὲν
870 826 1215 898 Ἡρακλέους,
1237 828 1361 884 οἶδὲ
1375 826 1720 899 Ἀχαιμένους
1738 833 1973 898 ἔκγονοι,

295 910 355 966 τὸ
388 917 418 966 δ
427 910 439 930 ’
465 910 796 980 τΗρακλέους
821 931 878 964 τε
910 913 1066 979 γένος
1095 913 1184 966 καὶ
1212 910 1273 967 τὸ
1303 910 1647 981 Ἀχαιμένους
1666 918 1742 974 εἰς
1759 911 1972 980 Περσέα

296 992 393 1047 τὸν
412 990 549 1055 Διὸς
569 991 926 1060 άναφέρεται;

435 1079 551 1129 ΑΛ.
607 1075 713 1128 Καὶ
734 1072 839 1142 γάρ
860 1073 919 1128 τὸ
941 1073 1233 1144 ἡμέτερον,
1275 1068 1318 1128 ὦ
1338 1074 1657 1145 Σώκρατες,
1691 1078 1764 1137 εἰς
1782 1072 1962 1143 Εὕρυη

294 1157 462 1227 σάκῃ,
486 1153 546 1210 τὸ
570 1152 619 1209 δ’
643 1153 1010 1224 Εὐρυσάκους
1030 1161 1104 1219 εἰς
1122 1162 1246 1210 Διά.

435 1244 558 1293 ΣΩ.
612 1240 720 1293 Καὶ
749 1235 856 1307 γάρ
887 1236 946 1293 τὸ
978 1236 1273 1308 ἡμέτερον,
1312 1233 1354 1293 ὦ
1393 1251 1611 1308 γενναῖε
1643 1238 1973 1310 Ἀλκιβιάδη,

295 1324 369 1383 εἰς
389 1323 689 1388 Δαίδαλον,
709 1317 737 1374 ὁ
761 1319 820 1374 δὲ
837 1323 1116 1384 Δαίδαλος
1138 1319 1528 1391 εἰς’Ήφαιστον
1547 1320 1645 1376 τὸν
1663 1322 1812 1386 Διός.
1835 1320 1972 1376 άλλά

293 1401 359 1456 τὰ
380 1403 479 1471 μὲν
498 1402 710 1457 τούτων
731 1399 827 1455 ἀπ’
856 1399 1042 1456 αὐτῶν
1072 1400 1348 1473 ἀρξάμενα
1379 1410 1616 1474 βασιλεῖς
1637 1405 1774 1458 εἰσὶν
1794 1405 1851 1458 ἐκ
1871 1409 1975 1474 βα-

296 1486 492 1538 σιλέων
511 1485 666 1554 μέχρι
685 1484 849 1553 Διός,
892 1487 948 1538 οἱ
973 1482 1324 1555 μὲν”Αργους
1353 1507 1408 1540 τε
1439 1486 1528 1540 καὶ
1546 1489 1977 1554 Λακεδαίμονος,

297 1569 352 1620 οὗ
386 1566 443 1621 δὲ
478 1572 574 1636 τῆς
609 1569 880 1635 Περσίδος
920 1563 978 1620 τὸ
1019 1564 1128 1636 άεί,
1167 1567 1431 1630 πολλάκις
1453 1569 1510 1621 δὲ
1540 1569 1628 1622 καὶ
1657 1573 1751 1637 τῆς
1776 1565 1971 1636 Ἀσίας,

300 1645 484 1717 ὥσπερ
505 1649 594 1702 καὶ
624 1654 756 1702 νῦν·
793 1645 945 1718 ἡμεῖς
973 1651 1031 1703 δὲ
1060 1647 1221 1703 αὐτοί
1244 1671 1301 1704 τε
1323 1653 1530 1704 ἰδιῶται
1550 1650 1637 1704 καὶ
1661 1653 1717 1704 οἱ
1731 1652 1971 1719 πατέρες,

234 1746 266 1786 Β
299 1734 348 1783 εί
376 1729 433 1784 δὲ
462 1732 553 1784 καὶ
583 1728 712 1794 τοὺς
741 1730 1052 1801 προγόνους
1083 1734 1194 1786 δέοι
1226 1733 1316 1787 καὶ
1335 1730 1438 1802 τὴν
1459 1736 1692 1801 πατρίδα
1712 1729 1974 1800 Εὐρυσά-

298 1832 431 1874 κους
460 1814 716 1877 έπιδεῐξαι
745 1820 1034 1883 Σαλαμῖνα
1065 1810 1102 1884 ἢ
1120 1812 1223 1883 τὴν
1239 1819 1454 1870 Αἰακοῦ
1486 1821 1588 1869 τοῦ
1608 1819 1685 1869 ἔτι
1704 1817 1977 1884 προτέρου

295 1899 534 1960 Αἴγιναν
563 1891 880 1966 Ἀρτοξέρξῃ
916 1902 992 1968 τῷ
1029 1899 1263 1966 Ξέρξου,
1304 1896 1480 1951 πόσον
1518 1893 1590 1951 ἂν
1626 1904 1726 1951 οἴει
1766 1898 1974 1964 γέλωτα

296 1973 519 2044 ὀφλεῖνς
553 1973 674 2031 ἀλλ’
701 1975 804 2045 ὅρα
823 1977 894 2047 μὴ
916 1984 1018 2032 τοῦ
1035 1999 1092 2032 τε
1112 1981 1310 2048 γένους
1325 1976 1471 2050 ὄγκῳ
1492 1977 1844 2046 ἐλαττώμεθα
1862 1982 1974 2031 τῶν

297 2054 522 2124 ἀνδρῶν
541 2059 631 2112 καὶ
660 2064 724 2130 τῇ
753 2057 890 2130 ἄλλῃ
909 2065 1104 2131 τροφῇ.
1147 2055 1183 2130 ἢ
1204 2057 1305 2114 οὐκ
1330 2058 1573 2132 ᾔσθησαι
1591 2071 1701 2124 τοῖς
1721 2080 1776 2113 τε
1793 2065 1974 2116 Λακε-

299 2142 598 2208 δαιμονίων
633 2144 953 2210 βασιλεῦσιν
983 2140 1057 2206 ὡς
1088 2141 1296 2212 μεγάλα
1324 2139 1390 2196 τὰ
1422 2139 1768 2212 ὑπάρχοντα,
1811 2135 1891 2197 ὦν
1920 2144 1978 2195 αἱ

297 2233 556 2290 γυναῖκες
593 2225 825 2295 δημοσίᾳ
859 2225 1228 2294 φυλάττονται
1262 2221 1370 2277 ὑπὸ
1396 2229 1509 2278 τῶν
1541 2223 1787 2294 ἐφόρων,
1827 2222 1976 2288 ὅπως

241 2317 269 2356 C
299 2307 373 2365 είς
397 2302 634 2372 δύναμιν
652 2303 724 2374 μὴ
745 2304 893 2377 λάθῃ
923 2307 976 2370 ἐξ
1005 2303 1178 2360 ἄλλου
1207 2305 1502 2375 γενόμενος
1522 2303 1549 2361 6
1572 2303 1830 2376 βασιλεὺς
1860 2303 1895 2376 ἦ
1922 2307 1974 2370 ἐξ

285 2381 686 2452 “Ηρακλειδῶν;
726 2383 754 2441 ὁ
787 2386 843 2442 δὲ
871 2393 1108 2455 Περσῶν
1137 2394 1405 2443 τοσοῦτον
1434 2385 1794 2458 ὑπερβάλλει,
1835 2385 1971 2442 ὥστε

297 2464 478 2530 οὐδεὶς
508 2464 753 2534 ὑποψίαν
781 2472 887 2539 ἔχει
908 2466 979 2534 ὡς
999 2473 1050 2534 ἐξ
1071 2469 1244 2524 ἄλλου
1263 2465 1337 2524 ,ἷίν
1356 2467 1614 2539 βασιλεὺς
1633 2471 1846 2539 γένοιτο
1865 2464 1902 2539 ἢ
1920 2470 1972 2533 ἐξ

297 2546 475 2603 αὐτοῦ
489 2569 498 2579 ·
538 2547 621 2603 διὸ
661 2547 728 2603 οὐ
764 2563 1085 2653 φρουρεῖται
1125 2548 1157 2621 ἡ
1190 2553 1457 2622 βασιλέως
1486 2552 1628 2621 γυνὴ
1661 2549 1783 2606 ἀλλ’
1803 2547 1840 2621 ἦ
1859 2548 1969 2605 ὑπὸ

296 2630 494 2730 φόβου.
535 2630 758 2686 ἐπειδὰν
789 2633 846 2686 δὲ
865 2636 1086 2703 γένηται
1106 2630 1134 2687 ὁ
1157 2645 1282 2697 παῖς
1300 2630 1328 2688 6
1362 2632 1760 2704 πρεσβύτατος,
1797 2651 1971 2699 ουπερ

294 2710 328 2781 ἡ
350 2710 505 2783 ἀρχή,
528 2720 751 2781 πρῶτον
769 2736 870 2783 μεν
890 2715 1205 2784 εορτάζουσι
1235 2715 1435 2779 πάντες
1455 2717 1512 2769 οἷ
1527 2716 1587 2769 ἐν
1604 2735 1669 2784 τῃ
1688 2715 1967 2783 βασιλέως,

294 2815 376 2847 ων
412 2790 483 2847 ἂν
516 2793 683 2864 άρχῃ,
721 2793 833 2849 εἶτα
864 2800 937 2857 εις
967 2793 1065 2850 τὸν
1096 2795 1264 2851 άλλον
1294 2796 1495 2866 χρόνον
1511 2794 1682 2865 ταύτῃ
1702 2799 1768 2867 τῇ
1797 2792 1971 2868 ἡμέρα
