2028 3198
319 152 424 203 332
651 154 1196 201 ΑΛΚΙΒΙΑΛΗΣ
1228 131 1676 204 ΔΕΥΤΕΡΟΣ.
1942 165 2000 210 52

236 302 267 342 E
322 289 411 342 καὶ
432 285 709 357 εὐδαίμων
730 282 873 355 ἀνὴρ
894 283 1154 354 ἐσόμενος
1169 306 1179 316 ·
1212 286 1499 356 κατασχῶν
1521 287 1578 343 δὲ
1596 301 1739 358 τρεῖς
1758 284 1793 359 ἢ
1815 295 1999 346 τέττα-

319 389 417 434 ρας
451 365 653 437 ἡμέρας
687 363 789 436 τὴν
835 369 1138 435 τυραννίδα
1178 366 1347 422 πάλιν
1385 365 1549 432 αὐτὸς
1584 372 1996 441 ἐπιβουλευθεὶς

319 444 418 516 ὑφ’
443 449 644 518 ἑτέρων
661 453 829 502 τινῶν
850 447 1212 517 ἐτελεύτησεν.
1237 445 1371 520 ὁρᾷς
1391 447 1457 519 δὴ
1483 452 1574 505 καὶ
1592 457 1703 506 τῶν
1721 449 2000 522 ἡμετέρων

320 535 560 584 πολιτῶν
577 563 647 571 -
666 535 840 584 ταῦτα
858 526 964 597 γὰρ
987 525 1089 583 οὐκ
1110 526 1297 584 ἄλλων
1316 528 1657 602 ἀκηκόαμεν,
1696 531 1817 588 ἀλλ’
1843 533 1998 591 αὐτοὶ

208 627 289 671 142
321 609 587 679 παρόντες
606 614 835 681 οἴδαμεν
852 643 923 651 -
952 609 1073 665 ὅσοι
1092 616 1415 679 στρατηγίας
1434 613 1875 685 ἐπιθυμήσαντες
1892 615 1997 686 ἤδη

323 693 414 747 καὶ
443 692 701 762 τυχόντες
727 691 895 762 αὐτῆς
924 693 980 745 οἰ
1004 689 1105 760 μὲν
1125 694 1202 745 ε”τι
1222 693 1310 745 καὶ
1330 698 1438 746 νῦν
1458 694 1702 762 φυγάδες
1723 700 1886 766 τῆσδε
1905 702 2002 766 τῆς

321 772 532 837 πόλεως
561 778 727 842 εἰσιν,
767 775 823 828 οἱ
849 771 907 827 δὲ
933 771 1031 827 τὸν
1060 777 1187 843 βίον
1217 774 1597 843 ἐτελεύτησαν·
1636 779 1692 830 οἱ
1717 776 1775 831 δὲ
1805 775 1998 846 ἄριστα

322 860 620 919 δοκοῦντες
647 853 835 908 αὐτῶν
865 852 1124 923 πράττειν
1144 851 1231 908 διὰ
1253 860 1476 909 πολλῶν
1494 857 1777 912 κινδύνων
1795 859 2000 912 ἐλθόν-

317 948 403 1000 τες
423 937 513 991 καὶ
532 937 727 1007 φόβων
747 933 815 990 οὐ
834 937 1011 1006 μόνον
1031 937 1092 990 ἐν
1109 935 1280 1008 ταύτῃ
1301 943 1367 1008 τῇ
1388 945 1708 1010 στρατηγίᾳ,
1741 937 1862 994 ἀλλ’
1885 940 1994 996 ἐπεὶ

321 1022 394 1081 εἰς
414 1017 516 1088 τήν
535 1019 749 1073 ἑαυτῶν
767 1024 1078 1088 κατῆλθον,
1118 1015 1226 1072 ὑπὸ
1250 1025 1360 1073 τῶν
1383 1025 1753 1089 συκοφαντῶν
1771 1028 1999 1089 πολιορ-

318 1100 578 1171 κούμενοι
599 1105 922 1169 πολιορκίαν
944 1098 1107 1153 οὐδὲν
1125 1099 1327 1155 ἐλάττω
1346 1107 1442 1170 τῆς
1461 1098 1568 1156 ὑπὸ
1589 1108 1702 1156 τῶν
1719 1108 1998 1172 πολεμίων

319 1187 653 1252 διετέλεσαν,
694 1181 830 1237 ὥστε
861 1185 1041 1247 ἐνιόυς
1072 1181 1256 1236 αὐτῶν
1277 1182 1538 1252 εὔχεσθαι
1558 1182 1995 1254 ἀστρατηγήτους

256 1278 287 1317 Β
321 1264 459 1320 εἶναι
492 1272 703 1335 μᾶλλον
731 1261 768 1335 ἢ
799 1266 1269 1335 ἐστρατηγηκέναι.
1310 1269 1359 1319 εί
1386 1264 1485 1333 μὲν
1508 1259 1613 1320 οὖν
1640 1260 1783 1336 ἦσαν
1806 1269 1861 1320 oc
1877 1272 1999 1321 κίν-

320 1352 483 1403 δυνοί
508 1370 565 1402 τε
590 1350 681 1403 καὶ
703 1348 867 1402 πόνοι
897 1350 1159 1417 φέροντες
1180 1351 1254 1410 εἰς
1286 1345 1582 1416 ὠφέλειαν,
1623 1345 1764 1418 εἶχεν
1783 1346 1855 1402 ἄν
1876 1370 1997 1402 τινα

317 1429 514 1498 λόγον·
556 1435 664 1483 νῦν
686 1429 742 1484 δὲ
761 1430 851 1484 καὶ
874 1429 1016 1484 πολὺ
1035 1427 1376 1483 τούναντίον.
1420 1426 1669 1498 εὑρήσεις
1688 1430 1745 1484 δὲ
1765 1432 1855 1484 καὶ
1875 1430 1998 1500 περὶ

315 1514 527 1566 τέκνων
541 1509 642 1566 τὸν
659 1509 832 1565 αὐτὸν
856 1510 1082 1579 τρόπον,
1105 1508 1436 1580 εὐξαμένους
1451 1508 1603 1574 τινας
1614 1508 1718 1581 ἤδη
1735 1512 1993 1579 γενέσθαι

315 1595 405 1647 καὶ
441 1595 758 1663 γενομένων
790 1597 864 1657 εἰς
894 1590 1177 1662 ξυμφοράς
1205 1613 1261 1646 τε
1293 1592 1383 1646 καὶ
1412 1593 1590 1655 λύπας
1618 1589 1714 1656 τας
1743 1598 1999 1662 μεγίστας

315 1675 700 1738 καταστάντας.
736 1677 790 1729 οἱ
807 1676 908 1744 μὲν
926 1671 1033 1744 γὰρ
1053 1680 1354 1744 μοχθηρῶν
1374 1671 1461 1727 διὰ
1481 1678 1669 1737 τέλους
1689 1671 1870 1728 ὄντων
1887 1678 1998 1727 τῶν

314 1757 523 1810 τέκνων
543 1755 676 1811 ὅλον
695 1753 794 1811 τὸν
813 1761 938 1827 βίον
958 1757 1296 1825 λυπούμενοι
1319 1755 1610 1823 διήγαγον·
1634 1752 1761 1818 τοὺς
1787 1755 1844 1810 δὲ
1862 1775 2024 1824 χρηε

258 1851 290 1892 C
322 1843 467 1890 στῶν
504 1838 606 1906 μὲν
639 1841 987 1908 γενομένων,
1027 1848 1339 1907 συμφοραῖς
1370 1836 1427 1891 δὲ
1463 1837 1822 1906 χρησαμένων
1861 1833 1997 1890 ὥστε

316 1925 682 1988 στερηθῆναι,
721 1920 812 1972 καὶ
843 1916 1074 1981 τούτους
1103 1916 1268 1972 οὐδὲν
1298 1923 1373 1980 εἰς
1392 1918 1685 1982 ἐλάττονας
1706 1921 1996 1986 δυστυχίας

314 1998 724 2069 καθεστηκότας
758 1996 898 2069 ἥπερ
937 1999 1206 2066 ἐκείνους,
1247 2001 1622 2067 βουλομένους
1656 1994 1727 2051 ἂν
1761 1997 1995 2067 ἀγένητα

314 2086 528 2149 μᾶλλον
546 2078 684 2134 εἶναι
705 2075 742 2150 ἢ
762 2082 1035 2148 γενέσθαι.
1060 2077 1182 2134 ἀλλ’
1209 2076 1356 2149 ὅμως
1375 2079 1590 2134 τούτων
1610 2099 1666 2132 τε
1685 2079 1775 2133 καὶ
1793 2079 1996 2145 ἑτέρων

314 2166 535 2218 πολλῶν
574 2158 958 2232 ὁμοιοτρόπων
993 2161 1208 2225 τούτοις
1238 2160 1383 2215 οὕτω
1418 2159 1635 2230 σφόδρα
1671 2161 1996 2231 καταδήλων

315 2245 523 2314 ὄντων,
564 2245 801 2299 σπάνιον
830 2243 1016 2313 εὑρεῖν
1042 2243 1189 2308 ὅστις
1218 2241 1288 2300 ἂν
1308 2241 1345 2315 ἢ
1375 2246 1680 2315 διδομένων
1699 2242 2024 2315 άπόσχοιτοὲ

314 2323 349 2397 ἢ
378 2329 594 2396 μέλλων
624 2324 694 2381 δι’
729 2324 891 2397 εὐχῆς
910 2326 1200 2391 τεύξεσθαι
1221 2327 1491 2381 παύσαιτο
1512 2323 1583 2381 ἂν
1602 2325 1922 2397 εὐχόμενος·
1943 2329 2001 2382 οἱ

315 2407 374 2463 δὲ
402 2409 594 2463 πολλοὶ
624 2407 751 2463 οὔτε
782 2404 852 2462 ὅίν
886 2411 1214 2478 τυραννίδος
1245 2411 1530 2479 διδομένης
1565 2406 1892 2478 ἀπόσχοιντο
1924 2404 1997 2463 ἄν

249 2507 285 2546 D
319 2487 446 2543 οὔτε
468 2495 791 2559 στρατηγίας
810 2488 937 2544 οὐδ’
958 2491 1157 2560 ἑτέρων
1177 2496 1426 2560 πολλῶν,
1448 2485 1481 2544 ἃ
1502 2489 1748 2558 παρόντα
1767 2489 1995 2561 βλάπτει

316 2565 581 2640 μᾶλλονῆ
604 2568 829 2640 ῶφελεῖ,
868 2568 1005 2627 άλλά
1027 2566 1134 2626 κᾶν
1154 2570 1404 2637 εὔξαιντο
1425 2569 1496 2625 ἂν
1520 2573 1809 2642 γενέσθαι,
1850 2579 1993 2643 εἷ’τῳ

313 2650 385 2721 μὴ
419 2650 666 2719 παρόντα
696 2653 954 2721 τυγχάνει
970 2674 980 2684 ·
1020 2650 1210 2722 ὀλίγον
1233 2653 1292 2708 δὲ
1311 2652 1623 2722 ἐπισχόντες
1640 2655 1812 2707 ἐνίοτε
1831 2658 1995 2706 παλι-

313 2736 623 2804 νῳδοῦσιν,
644 2732 1007 2803 άνευχόμενοι
1027 2730 1144 2788 ἅττ’
1165 2729 1236 2789 ἂν
1255 2732 1315 2789 τό
1337 2740 1562 2801 πρῶτον
1582 2732 1860 2797 εὔξωνται.
1883 2732 1990 2801 ε’γῶ

312 2813 413 2879 μὲν
445 2806 550 2868 οὖν
581 2812 798 2884 ἀπορῶ,
835 2813 908 2884 μὴ
942 2812 1014 2878 ῶς
1047 2813 1271 2886 άληθῶς
1299 2815 1477 2885 μάτην
1500 2811 1671 2877 θεοὺς
1701 2812 1992 2882 ἄνθρωποι
