2028 3198
11 0 640 55 ff‘*r'·⁷¹¹,1*‘x··-.⁴,.-

49 108 63 118 ’
144 120 150 126 “
594 112 1180 162 ΠΑΡΜΕΝΙΔΗΣ.
1454 86 1463 89 ’
1670 109 1736 162 31

56 248 184 304 οὔτε
217 246 366 303 αὐτώ
399 246 579 303 τούτω
609 242 750 314 πρὸς
767 244 829 300 τὸ
850 246 913 300 ἓν
930 248 1118 315 ἔχετον
1134 243 1238 317 τὴν
1258 245 1501 318 δύναμιν
1518 244 1622 317 τὴν
1638 252 1739 302 τοῦ
1771 255 1805 297 D

57 328 346 399 ὑπερέχειν
371 328 465 384 καὶ
494 324 862 396 ὑπερέχεσθαι
890 323 1030 386 ἀλλὰ
1059 324 1197 396 πρὸς
1224 326 1469 400 ἀλλήλω,
1508 325 1636 384 οὔτε
1666 321 1742 383 αὖ

56 409 117 467 τὸ
139 412 201 467 ἓν
218 410 443 466 τούτοιν
461 406 592 464 οὐδὲ
610 412 725 463 τῶν
744 405 929 462 ἄλλων
946 411 1132 478 μεῖζον
1150 404 1222 464 ἄν
1240 406 1365 464 οὐδ’
1389 414 1617 466 ἔλαττον
1635 416 1736 481 εἴη,

55 492 188 562 μήτε
212 492 449 562 μέγεθος
482 489 619 561 μήτε
649 487 983 559 σμικρότητα
1020 492 1162 559 ἔχον.
1217 489 1447 546 Οὔκουν
1484 495 1743 559 φαίνεταί

54 595 132 645 γε.
178 566 296 672 Ἆρ’
330 565 438 628 οὖν
468 576 519 627 εἰ
534 570 684 667 μήτε
702 574 888 641 μεῖζον
906 569 1041 641 μήτε
1072 574 1300 626 ἔλαττον
1328 569 1390 627 τὸ
1422 573 1484 627 ἓν
1504 577 1620 627 τῶν
1639 569 1742 626 άλ-

55 661 195 723 λων,
232 652 447 724 ἀνάγκη
480 650 616 707 αὐτὸ
647 654 876 709 ἐκείνων
904 651 1039 750 μη’τε
1074 649 1360 722 ὑπερέχειν
1378 648 1516 723 μήθ’
1538 649 1741 721 ὑπερέ-

53 743 278 807 χεσθαι;
313 732 564 805 Ἀνάγκη.
642 731 872 789 Οὐκοῦν
911 733 973 789 τό
1010 754 1074 803 γε
1110 733 1244 804 μήτε
1282 730 1554 803 ὑπερέχον
1595 731 1736 803 μήθ’

56 814 467 888 ὑπερεχόμενον
498 814 672 885 πολλὴ
704 812 920 885 ἀνάγκη
953 816 1005 880 ἐξ
1026 822 1152 870 ἴσου
1171 813 1337 886 εἶναι,
1377 817 1430 880 ἐξ
1451 822 1575 871 ἴσου
1596 811 1695 870 δε
1674 813 1741 870 όν

56 907 180 955 ἴσον
211 897 365 955 εἶναι.
415 903 547 962 Πως
563 895 671 967 γὰρ
695 895 793 962 οὕ;
828 898 938 952 Καὶ
956 895 1068 967 μὴν
1086 898 1177 952 καὶ
1199 894 1335 952 αὑτό
1353 917 1416 966 γε
1435 894 1498 951 τὸ
1519 898 1581 951 ἓν
1599 894 1736 965 πρὸς
1767 914 1800 955 Ε

54 979 216 1037 ἑαυτὰ
248 978 426 1045 οὕτως
453 975 526 1035 ἀν
553 983 693 1049 ἔχοι·
730 978 865 1048 μήτε
898 981 1133 1049 μέγεθος
1161 981 1220 1034 ἐν
1249 979 1429 1053 ἑαυτῷ
1458 977 1592 1049 μήτε
1615 996 1741 1048 σμι-

25 1051 292 1132 ’κρότητα
321 1066 448 1132 ἔχον
476 1059 599 1118 οὔτ’
632 1056 706 1116 ἀν
734 1058 1053 1131 ὑπερέχοιτο
1085 1059 1206 1116 οὔτ’
1239 1056 1312 1116 ἂν
1330 1058 1588 1131 ὑπερέχοι
1610 1061 1740 1116 ἑαυ-

26 1163 32 1177 ·
54 1150 184 1211 τοῦ,
226 1141 349 1199 ἀλλ’
385 1146 438 1211 ἐξ
469 1151 596 1200 ἴσου
625 1138 695 1198 ὂν
718 1150 841 1198 ἶσον
861 1137 933 1196 ἀν
955 1150 1035 1213 εἴη
1058 1143 1249 1213 ἑαυτῷ.
1307 1142 1474 1198 Πάνυ
1493 1142 1596 1213 μὲν
1616 1133 1736 1196 οὖν.

28 1245 30 1251 ·
60 1223 135 1279 T6
155 1227 217 1280 ἓν
239 1224 346 1293 ἄρα
366 1227 544 1298 ἑαυτῷ
558 1246 620 1280 τε
639 1227 730 1281 καὶ
749 1236 861 1288 τοῖς
881 1222 1067 1289 ἄλλοις
1085 1231 1211 1280 ἴσον
1230 1219 1302 1279 ἂν
1322 1232 1420 1295 εἴη.
1460 1229 1735 1279 Φαίνεται.

29 1307 36 1318 ”
55 1308 164 1362 Καὶ
196 1304 309 1378 μὴν
337 1306 475 1362 αὐτό
494 1328 555 1375 γε
585 1309 648 1362 ἐν
679 1308 854 1379 ἑαυτῷ
885 1302 952 1361 ὂν
971 1307 1061 1361 καὶ
1082 1307 1206 1375 περὶ
1228 1306 1390 1363 ἑαυτὸ
1412 1302 1484 1361 ὄίν
1503 1314 1585 1377 εἴη
1607 1309 1738 1372 ἔξω·

54 1397 189 1459 θεν,
227 1391 315 1444 καὶ
345 1392 598 1459 περιέχον
626 1392 728 1459 μὲν
755 1392 940 1459 μεῖζον
959 1383 1032 1442 ἂν
1052 1388 1254 1444 ἑαυτοῦ
1273 1397 1381 1461 εἴη,
1421 1390 1740 1460 περιεχόμε-

55 1492 157 1527 νον
186 1470 244 1529 δὲ
272 1475 524 1539 ἔλαττον,
567 1471 657 1526 καὶ
677 1469 824 1525 οὕτω
845 1474 1028 1540 μεῖζον
1047 1463 1119 1523 ἀν
1137 1470 1228 1524 καὶ
1247 1473 1473 1525 ἔλαττον
1493 1479 1575 1542 εἴη
1598 1468 1733 1526 αὐτὸ
1766 1482 1843 1526 151

55 1553 257 1608 ἑαυτοῦ
275 1550 336 1608 τὸ
358 1554 433 1609 ἓν.
470 1559 574 1623 Εῐη
594 1550 702 1623 γάρ
723 1550 808 1608 ἄν.
861 1549 1087 1606 Οὐκοῦν
1109 1552 1199 1607 καὶ
1218 1551 1343 1607 τόδε
1361 1549 1576 1624 ἀνάγκη
1592 1594 1606 1623 ,
1628 1575 1736 1624 μη-

53 1636 150 1691 δὲν
176 1633 317 1690 εἶναι
345 1631 499 1700 έκτός
517 1642 619 1690 τοῦ
640 1634 763 1699 ἑνός
782 1656 839 1689 τε
865 1635 955 1689 καὶ
975 1640 1087 1688 τῶν
1107 1633 1304 1690 ἄλλων.
1359 1641 1490 1700 Πῶς
1508 1634 1615 1706 γὰρ
1637 1635 1735 1703 οὕς

48 1715 210 1774 Ἀλλά
230 1716 346 1789 μὴν
361 1719 451 1773 καὶ
472 1716 617 1773 εἷναί
630 1738 740 1773 που
761 1720 847 1772 δεῖ
861 1716 923 1772 τό
943 1738 1005 1786 γε
1028 1712 1096 1771 ὂν
1115 1714 1213 1772 ἀεί.
1251 1720 1379 1772 Ναί.
1424 1715 1654 1773 Οὐκοῦν
1673 1719 1735 1774 τό

51 1821 113 1871 γε
142 1804 205 1855 ἕν
223 1819 299 1872 τῳ
323 1794 393 1854 ὃν
410 1802 472 1854 ἐν
489 1803 694 1870 μείζονι
712 1803 861 1855 ἔσται
881 1802 1106 1853 ἔλαττον
1125 1795 1220 1864 ὅν;
1258 1796 1328 1854 οὐ
1345 1797 1452 1869 γὰρ
1472 1795 1544 1855 ἂν
1563 1798 1741 1864 ἄλλως

36 1882 245 1961 λἕτερον
279 1883 343 1936 έν
380 1882 545 1955 ἑτέρω
574 1889 671 1951 εἴη.
733 1877 820 1936 Οὐ
848 1879 968 1951 γάρ.
1020 1877 1233 1951 Ἐπειδὴ
1268 1879 1326 1936 δὲ
1355 1878 1522 1937 οὐδὲν
1550 1881 1740 1954 ἔτερόν

39 1966 167 2021 ’ἐστι
194 1964 357 2034 χωρὶς
386 1969 500 2018 τῶν
517 1962 705 2019 ἄλλων
722 1964 812 2019 καὶ
832 1968 932 2018 τοῦ
954 1962 1105 2032 ἑνός,
1143 1965 1230 2018 δεῖ
1244 1963 1302 2019 δὲ
1323 1961 1464 2018 αὐτὰ
1484 1967 1547 2019 ἔν
1563 1986 1638 2038 τςο
1662 1963 1737 2020 εἷ-

39 2056 175 2124 ὲναι,
216 2044 320 2102 οὐκ
340 2043 555 2116 ἀνάγκη
575 2042 680 2116 ἤδη
701 2047 762 2100 ἐν
781 2043 1036 2116 ἀλλήλοις
1056 2042 1194 2100 εἶναι
1207 2088 1222 2116 ,
1261 2044 1328 2099 τά
1346 2066 1402 2100 τε
1423 2043 1563 2100 ἄλλα
1582 2048 1643 2101 ἐν
1661 2053 1739 2119 τῷ

39 2128 139 2185 ’ἑνὶ
168 2128 257 2183 καὶ
286 2124 348 2182 τὸ
380 2129 444 2183 ἓν
461 2128 652 2192 ἐντοῖς
671 2124 885 2198 ἄλλοις,
922 2122 959 2198 ἦ
977 2130 1234 2198 μηδαμοῦ
1254 2125 1419 2190 εἷναι;
1461 2132 1737 2183 Φαίνεται.
1766 2144 1797 2184 Β

70 2215 169 2266 Οτι
189 2207 354 2280 μὲν”
316 2229 426 2278 αρα
455 2206 517 2264 τό
550 2210 614 2265 ἓν
643 2210 705 2265 ἐν
721 2220 834 2274 τοῖς
853 2208 1040 2273 αλλοις
1058 2213 1261 2277 ἔνεστι,
1299 2204 1505 2279 μείζω
1479 2231 1551 2264 αν
1570 2216 1652 2280 εἴη
1670 2206 1737 2264 τὰ

50 2287 196 2347 ἄλλα
225 2297 327 2347 τοῦ
358 2291 510 2361 ἑνός,
551 2292 871 2362 περιέχοντα
904 2288 1172 2358 αὐτό,τὸ
1206 2289 1264 2345 δὲ
1295 2291 1358 2345 ἓν
1377 2293 1604 2346 ἔλαττον
1623 2296 1737 2345 τῶν

51 2370 269 2442 ἄλλων,
288 2372 702 2444 περιεχόμενον·
736 2373 819 2429 ὅτι
839 2375 896 2428 δὲ
918 2369 982 2427 τὰ
1003 2371 1140 2427 άλλα
1160 2374 1221 2427 ἐν
1238 2377 1313 2445 τῷ
1336 2373 1440 2442 ενί,
1461 2371 1521 2428 τό
1544 2375 1606 2428 ἓν
1625 2378 1739 2428 τῶν

58 2450 245 2508 ἄλλων
273 2451 411 2508 κατὰ
444 2451 542 2509 τὸν
570 2452 744 2509 αὑτὸν
774 2452 942 2524 λόγον
978 2457 1161 2524 μεῖζον
1189 2474 1262 2508 αν
1282 2460 1391 2524 εἴη,
1429 2451 1496 2508 τὰ
1519 2453 1576 2509 δὲ
1597 2452 1736 2508 ἄλλα

54 2539 157 2589 τοῦ
189 2531 311 2598 ἑνὸς
338 2533 558 2590 ἐλάττω.
598 2534 833 2591 Ἔοικεν.
894 2532 967 2589 T6
1001 2534 1114 2590 Sv'
1092 2533 1198 2604 α’ρα
1226 2541 1351 2591 ἴσον
1369 2555 1425 2589 τε
1444 2536 1535 2590 καὶ
1553 2539 1737 2605 μεῖζον

52 2614 143 2671 καὶ
176 2613 402 2671 ἐλαττόι
432 2618 581 2672 ἐστιν
609 2614 746 2670 αὐτό
765 2637 822 2670 τε
843 2613 1019 2671 αὑτοῦ
1037 2616 1256 2672 καὶτῶν
1275 2614 1474 2672 άλλων.
1533 2620 1734 2671 Φαίνε-

122 2719 155 2752 ι.
214 2698 321 2753 Καὶ
351 2695 462 2768 μὴν
483 2706 634 2767 εἴπερ
654 2703 837 2769 μεῖζον
855 2700 944 2754 καὶ
964 2702 1189 2755 ἔλαττον
1209 2701 1297 2755 καὶ
1320 2706 1471 2769 ἴσον,
1509 2706 1645 2754 ἰσων
1665 2719 1735 2752 αν

83 2783 86 2785 ’
104 2799 137 2849 η
157 2780 373 2849 μέτρων
392 2780 479 2835 καὶ
503 2781 694 2835 πλειόι
685 2802 775 2835 ων
795 2782 882 2837 καὶ
906 2781 1211 2838 ἐλαττόνων
1227 2779 1378 2856 αὑτῷ
1399 2781 1619 2845 καὶτοῖς
1635 2778 1798 2835 &fl-G
