2028 3198
170 1326 255 1368 200

1876 0 1918 15 '‘o-'⁴⁴
1951 0 1997 13 ,.-.,-
2024 11 2028 14 ,

291 113 393 166 172
889 113 1362 162 ΠΛΑΤΩΝΟΣ
1908 126 1966 169 34
2023 78 2028 79 γ

1062 241 1085 263 Ἃ
1161 243 1172 263 2

290 246 428 302 εἶναι
443 243 635 310 τινός’
612 268 639 300 ο
656 244 831 315 Ἔρως
851 249 1013 316 ἔρως,
1050 268 1083 316 η
1107 247 1361 314 ουδενόςῑ
1396 253 1583 319 ε’ρωτω
1603 254 1654 305 6
1674 252 1776 307 οὐκ
1797 258 1846 314 εἰ
1860 276 1964 324 μη,-

288 329 416 397 τρός
446 348 593 391 τινος
623 324 657 397 ἢ
687 327 892 397 πατρός
921 328 1034 382 ἐστι
1060 361 1133 368 ——
1160 335 1380 397 γελοῖον
1411 328 1516 430 γὰρ
1549 327 1620 386 ἂν
1640 341 1721 403 εἴη
1741 331 1800 388 τὸ
1826 336 1963 403 ἐρώ-

286 431 444 480 τημα,
468 413 517 463 εἰ
537 407 713 478 Ἔρως
733 409 878 462 ἐστὶν
897 411 1033 478 ἔρως
1052 409 1255 480 μητρὸς
1272 407 1309 482 ἦ
1330 413 1534 484 πατρός
1549 442 1611 455 ·-
1635 413 1756 470 ἀλλ’
1781 414 1964 485 ω’σπερ

288 488 360 546 α“ν
379 495 428 546 εἰ
445 488 579 545 αὐτὸ
602 495 766 546 τοῦτο
786 490 994 557 πατέρα
1013 488 1271 562 ἥρω’των,
1310 496 1417 563 ἄρα
1448 491 1476 550 ὁ
1509 495 1686 566 πατήρ
1716 500 1829 552 ἐστι
1858 517 1964 551 πα-

285 573 385 644 τὴρ
415 569 622 637 τινός
595 595 628 644 η
661 571 757 638 οὕς
798 570 941 635 εἶπες
965 567 1036 626 ἂν
1065 572 1133 643 δή
1163 573 1274 627 πού
1303 595 1421 645 μοι,
1461 581 1510 631 ει’
1527 577 1766 647 ἐβούλου
1786 586 1965 643 καλῶς
2023 615 2028 634 ¹.

287 654 715 727 ἀποκρίνασθαι,
738 653 822 710 ὅτι
840 658 987 709 ἔστιν
1008 657 1154 719 υἱέος
1172 676 1234 724 γε
1253 651 1290 725 ἢ
1307 656 1590 727 θυγατρὸς
1610 657 1638 714 ὁ
1660 659 1836 730 πατὴρ
1857 681 1965 714 ποι--

285 738 412 809 τήρ·
450 734 487 808 ἦ
507 736 603 804 οὕς
637 736 800 791 Πάνυ
822 757 909 806 γε,
955 736 1129 805 φάναι
1148 735 1245 790 τὸν
1259 733 1566 806 Ἀγάθωνα.
1626 738 1855 796 Οὐκοῦν
1874 744 1964 797 καὶ

283 817 316 891 ἡ
337 820 512 891 μήτηρ
535 816 822 885 ὡσαύτως;
852 817 1168 888 Ὁμολογεῖν
1191 820 1280 874 καὶ
1299 826 1477 874 τοῦτο.
1512 819 1627 875 ”Eu
1645 827 1865 891 τοίνυν,
1888 827 1964 877 εἰ·-

287 914 411 956 πεῖν
440 899 540 956 τὸν
557 901 859 971 Σωκράτη,
896 898 1192 969 ἀπόκριναι
1214 899 1380 974 ὀλίγῳ
1401 907 1596 973 πλείω,
1635 906 1727 957 ἵνα
1752 909 1965 973 μᾶλλον
2026 930 2028 932 ·

284 984 610 1055 καταμάθῃς
638 981 668 1037 ὃ
687 983 974 1054 βούλομαι.
1032 987 1082 1037 εἰ
1098 982 1202 1054 γὰρ
1224 987 1476 1082 ἐροίμην,
1515 991 1570 1040 τί
1585 987 1667 1050 θές
1703 984 1961 1055 ἀδελφός,

286 1065 420 1121 αὐτὸ
451 1062 617 1120 τοῦθ’
651 1062 787 1133 ὅπερ
819 1068 992 1134 ἔστιν,
1033 1069 1147 1120 ἐστι
1165 1066 1313 1131 τινὸς
1336 1063 1628 1138 άδελφόςῆ
1649 1066 1744 1133 οὕς
1785 1066 1959 1122 Φάναι

986 1142 1122 1165 ηἎ,

287 1147 439 1203 εἶναι.
502 1143 729 1202 Οὐκοῦν
759 1144 1005 1216 άδελφου
1035 1170 1068 1217 η
1090 1150 1358 1219 αδελφῆς;
1391 1146 1719 1218 Ομολογεῖν.
1778 1155 1960 1251 Πειροῑ
2025 1192 2028 1193 ⁷

285 1230 352 1300 δή
368 1273 382 1300 ,
418 1230 619 1299 φάναι,
641 1230 730 1283 καὶ
748 1227 888 1283 Ξὸν
869 1233 1043 1296 ε’ρωτα
1065 1234 1249 1284 εἰπεῖν.
1308 1228 1335 1284 ὁ
1346 1229 1563 1298 ’Ἑρως’
1543 1235 1678 1298 έρως
1698 1231 1844 1284 ἐστὶν
1864 1228 1963 1283 οὐ-
2024 1278 2028 1298 -.

285 1309 444 1374 δενὸς
472 1306 508 1381 η’
527 1310 703 1375 τινός;
740 1309 903 1364 Πάνυ
936 1310 1037 1380 μὲν
1067 1305 1172 1367 οὖν
1206 1317 1368 1367 ἔστιν.
1431 1318 1607 1367 Τοῦτο
1637 1334 1738 1382 μεν
1755 1317 1962 1382 τοίνυν,

286 1398 458 1448 εἰπεῖν
486 1389 586 1446 τὸν
604 1390 906 1462 Σωκράτη,
948 1390 1195 1460 φύλαξον
1229 1415 1375 1463 παρα
1407 1400 1594 1465 σαυτῷ
1622 1394 1965 1464 μεμνημένος
2020 1395 2028 1435 ἶ

285 1474 443 1530 ὅτου·
479 1473 709 1529 τοσόνδε
730 1474 788 1528 δε
808 1477 949 1544 εἰπέ,
982 1475 1216 1546 πότερον
1237 1474 1265 1531 ὁ
1272 1476 1448 1547 ”Epeos
1466 1477 1706 1545 ἐκείνου,
1729 1468 1797 1530 οὗ
1817 1480 1963 1529 ἔστιν

286 1562 450 1627 ἔρως,
490 1558 755 1626 ἐπιθυμεῖ
769 1554 943 1611 αὐτοῦ
960 1554 993 1627 ἠ
989 1556 1113 1623 ὀὕς
1151 1558 1318 1613 Πάνυ
1335 1579 1428 1628 γε,
1467 1558 1655 1627 φάναι.
1712 1558 1963 1626 Πότερον

284 1645 424 1710 ἔχων
459 1638 593 1695 αὐτὸ
627 1633 698 1695 οὗ
726 1642 992 1709 ἐπιθυμεῖ
1013 1661 1070 1694 τε
1103 1643 1192 1695 καὶ
1221 1644 1347 1713 ἐρᾷ,
1388 1639 1500 1695 εἶτα
1519 1643 1781 1710 ἐπιθυμεῖ
1795 1661 1852 1694 τε
1873 1642 1963 1695 καὶ

284 1725 407 1795 ἐρᾷ,
430 1718 466 1792 ἦ
490 1720 592 1777 οὐκ
611 1726 777 1792 ἐ’χων;
811 1719 931 1777 Οὐκ
954 1725 1120 1792 ἔχων,
1145 1720 1217 1787 ὡς
1235 1721 1295 1778 τὸ
1319 1723 1465 1788 εἰκός
1483 1744 1562 1793 γε,
1584 1723 1771 1793 φάναι.
1810 1721 1963 1777 Σκό-

282 1823 370 1856 πει
399 1802 466 1873 δή
481 1845 494 1870 ,
534 1809 707 1858 εἰπεῖν
734 1803 833 1859 τὸν
852 1806 1123 1875 Σωκράτη
1138 1846 1153 1876 ,
1193 1803 1314 1859 ἀντι
1333 1811 1435 1859 τοῦ
1455 1805 1662 1868 εἰκότος
1682 1810 1731 1860 εἰ
1748 1802 1960 1906 ἀνάγκη

281 1883 474 1955 οὕτως,
496 1883 556 1939 τὸ
577 1887 895 1955 ἐπιθυμοῦν
914 1888 1207 1954 ἐπιθυμεῖν
1231 1880 1302 1940 οὖ
1318 1890 1496 1951 ἐνδεές
1515 1891 1680 1955 ἐστιν,
1699 1883 1735 1956 ἦ
1754 1885 1827 1956 μὴ
1845 1889 1963 1940 ἐπι-

280 1975 501 2037 θυμεῖν,
520 1968 616 2021 ἐὰν
634 1966 706 2037 μὴ
728 1967 955 2031 ἐνδεες’
924 1989 985 2056 η·
973 2008 986 2032 ,
1009 1970 1125 2037 ἐμοι
1141 1989 1241 2036 μεν
1259 1989 1364 2039 γαρ
1379 1974 1714 2037 θαυμαστῶς
1732 1974 1898 2037 δοκεῖ,
1919 1990 1958 2022 ω

276 2046 548 2118 Ἀγάθων,
572 2071 644 2113 ως
663 2046 877 2119 ἀνάγκη
900 2048 1062 2104 εἶναι·
1090 2051 1174 2104 σοὶ
1198 2049 1256 2104 δὲ
1274 2055 1412 2113 πῶςς
1430 2047 1629 2120 Κάμοί,
1653 2050 1843 2120 φάναι,
1866 2053 1961 2105 δο-

279 2141 375 2185 κεῖ.
415 2136 614 2195 Καλῶς
632 2132 816 2202 λέγεις.
857 2126 939 2202 ἆρ’
961 2125 1065 2187 οὖν
1083 2127 1317 2202 βούλοιτ’
1338 2129 1409 2186 ἄν
1422 2152 1502 2196 τις
1519 2134 1684 2202 μέγας
1703 2130 1780 2187 ὢν
1796 2135 1961 2202 μέγας

281 2211 436 2282 εἶναι,
466 2208 498 2284 ἦ
517 2211 737 2283 ἰσχυρὸς
757 2210 836 2270 ὢν
862 2215 1109 2284 ίσχυρός;
1143 2211 1443 2269 Ἀδύνατον
1467 2217 1525 2269 ἐκ
1544 2220 1656 2269 τῶν
1676 2211 1960 2285 ὡμολογη-

279 2299 478 2365 μένων.
520 2294 605 2351 Οὐ
619 2297 726 2367 γάρ
745 2317 854 2352 που
870 2296 1056 2367 ἐνδεὴς
1071 2291 1142 2352 ἂν
1161 2304 1242 2367 εἴη
1262 2296 1477 2351 τούτων
1496 2295 1527 2351 ὅ
1544 2319 1607 2366 γε
1628 2295 1720 2352 ὤν.
1757 2295 1961 2366 Ἀληθῆ

279 2379 462 2445 λέγεις.
519 2383 592 2434 Εἰ
617 2377 723 2450 γάρ
764 2380 854 2434 καὶ
890 2377 1112 2449 ἰσχυρὰς
1150 2374 1229 2433 οἲν
1265 2378 1522 2449 βούλοιτο
1561 2378 1781 2448 ἰσχυρὸς
1801 2377 1955 2447 εἶναι,

280 2459 455 2528 φάναι
474 2458 572 2514 τὸν
589 2461 890 2532 Σωκράτη,
932 2463 1022 2516 καὶ
1040 2458 1205 2531 ταχύς
1235 2456 1316 2515 div
1343 2460 1536 2530 ταχύς,
1574 2463 1663 2516 καὶ
1693 2458 1848 2531 ὑγιὴς
1879 2454 1958 2513 ὢν
2004 2500 2007 2501 ⁷

280 2538 439 2609 ὑγιής
456 2572 527 2580 ·-
546 2549 677 2605 ἴσως
695 2542 801 2612 γὰρ
822 2542 894 2598 ἄν
913 2565 991 2608 τις
1009 2550 1182 2598 ταῦτα
1205 2548 1420 2614 οἰηθείη
1440 2544 1531 2598 καὶ
1551 2543 1730 2597 πάντα
1749 2539 1810 2596 τά
1841 2561 1955 2594 τοι-
2000 2571 2006 2604 4

224 2637 254 2678 C
286 2628 451 2693 αὕτα,
483 2623 613 2687 τούς
632 2622 794 2689 ὄντας
813 2647 870 2680 τε
889 2627 1176 2689 τοιούτους
1198 2628 1287 2680 καὶ
1310 2630 1532 2695 ἔχοντας
1551 2630 1720 2678 ταῦτα
1740 2622 1952 2676 τούτων

279 2703 418 2773 ἅπερ
447 2708 632 2775 ἔχουσι
661 2707 751 2760 καὶ
787 2709 1106 2778 ἐπιθυμεῖν,
1141 2705 1217 2762 ἵν’
1259 2701 1362 2762 οὖν
1397 2705 1469 2777 μὴ
1507 2709 1953 2774 ἐξαπατηθῶμεν,
2006 2722 2011 2782 s

283 2784 485 2839 τούτου
505 2786 666 2842 ἕνεκα
686 2789 852 2856 λέγω·
891 2789 1104 2853 τούτοις
1122 2789 1256 2860 γάρ,
1291 2782 1632 2858 ὦἏγάθων,
1665 2790 1714 2841 εί
1731 2788 1954 2851 ἐννοεῖς,
2006 2836 2010 2854 2
