2028 3198
0 0 438 101 τ.ξ“’λ’ςν“ΐ”ῑζῖ“ΰ
484 0 517 9 ''
536 7 569 21 -·‘
605 0 621 14 “·
654 0 675 15 ’·”
710 0 714 3 ”
759 0 894 35 Τῗηᾌζ
920 0 1034 35 “·”·,.,,<
1072 0 1097 38 v8

703 105 1086 154 ΦΑΙΔΡΟΣ.
1343 150 1346 152 ,
1636 105 1741 158 209

48 241 162 298 θόν
175 239 280 311 τὴν
294 242 535 311 δύναμιν
549 238 782 295 ἑκάστου
801 238 1184 307 φυλάττονται.
1215 244 1502 306 πείσαντες
1515 239 1618 311 μὲν
1633 234 1738 296 οὖν
1767 251 1804 292 D

50 327 401 396 απεχθεσθαί
417 338 480 377 σε
497 319 711 384 τούτοις
731 323 807 384 εἰς
826 321 1056 389 ἐρημίαν
1076 324 1256 390 φίλων
1275 327 1625 393 καθιστᾶσιν,
1641 322 1740 379 ἐὰν

52 403 111 459 δὲ
129 402 190 459 τὸ
213 407 453 458 σεαυτοῦ
470 406 700 457 σκοπῶν
723 398 954 470 ἄμεινον
971 402 1199 456 ἐκείνων
1218 409 1449 474 φρονῇς,
1470 399 1615 473 ἥξεις
1636 399 1740 456 αὐ-

49 496 164 550 τοῖς
192 490 268 549 εἰς
297 483 599 554 διαφοράν·
638 481 762 537 ὅσοι
792 483 851 537 δὲ
878 479 951 553 μὴ
983 484 1215 550 ἐρῶντες
1235 487 1458 554 ἔτυχον,
1497 481 1636 538 ἀλλὰ
1661 480 1733 538 δι’

49 563 255 636 ἀρετὴν
284 570 529 634 ἔπραξαν
559 557 641 620 ὦν
672 566 922 635 ἐδέοντο,
964 563 1067 619 οὐκ
1099 559 1171 619 ἄν
1197 576 1311 630 τοῖς
1330 571 1566 621 συνοῦσι
1586 573 1740 635 φθο-

48 661 228 718 νοῖεν,
267 647 406 704 ἀλλὰ
435 646 567 713 τούς
595 646 668 719 μὴ
701 650 995 713 ἐθέλοντας
1022 659 1264 718 μισοῖεν,
1303 646 1608 719 ἡγούμενοι
1636 645 1734 704 ὑπ’

47 733 278 788 ἐκείνων
296 731 397 801 μὲν
416 728 805 801 ὑπερορᾶσθαι
818 772 832 799 ,
853 727 965 784 ὑπὸ
986 735 1100 784 τῶν
1119 728 1408 784 συνόντων
1428 733 1486 785 δὲ
1507 728 1739 800 ὠφελεῖ-

49 822 203 884 σθαι,
226 811 364 869 ὥστε
385 811 529 868 πολύ
551 818 756 868 πλείων
775 814 924 876 ἐλπὶς
945 816 1135 881 φιλίαν
1152 809 1340 876 αὐτοῖς
1358 814 1417 867 ἐκ
1436 818 1537 866 τοῦ
1556 813 1736 882 πράγ-
1766 826 1799 866 Ε

48 917 217 965 ματος
234 891 271 964 ἢ
293 899 502 964 ἔχθραν
526 894 878 964 γενήσεσθαι.

191 982 319 1031 vm.
395 979 503 1031 Καὶ
532 978 634 1046 μὲν
664 973 730 1046 δὴ
763 981 876 1030 τῶν
905 977 1004 1044 μὲν
1033 973 1293 1044 ἐρώντων
1322 977 1514 1031 πολλοὶ
1536 975 1735 1045 πρότε-

50 1078 154 1125 ρον
180 1063 281 1111 τοῦ
310 1057 561 1128 σώματος
591 1056 954 1127 ἐπεθύμησαν
971 1051 1011 1126 ἦ
1026 1054 1125 1111 τὸν
1144 1055 1355 1126 τρόπον
1374 1060 1626 1127 ἔγνωσαν
1645 1058 1736 1112 καὶ

48 1144 163 1193 τῶν
181 1135 367 1193 ἄλλων
387 1143 608 1194 οἰκείων
628 1143 875 1209 ἔμπειροι
894 1140 1154 1207 ἐγένοντο
1168 1180 1183 1208 ,
1218 1136 1358 1194 ὥστε
1377 1138 1589 1211 ἄδηλον
1612 1135 1735 1209 [αύ-
1808 1136 1810 1138 ’

46 1226 176 1288 τοῖς]
198 1224 247 1274 εἰ
261 1223 339 1275 ἔτι
357 1221 479 1276 τότε
498 1220 868 1292 βουλήσονται
887 1225 1039 1290 φίλοι
1058 1218 1198 1274 εἶναι
1210 1262 1225 1291 ,
1259 1219 1484 1276 ἐπειδᾶν
1501 1227 1599 1293 τῆς
1616 1223 1734 1275 ε’πι-

47 1308 254 1371 θυμίας
284 1302 629 1358 παύσωνται·
667 1313 781 1366 τοῖς
810 1303 868 1357 ὁὲ
901 1299 974 1372 μὴ
1007 1305 1234 1372 ἐρῶσιν,
1272 1309 1330 1359 οἳ
1351 1307 1442 1359 καὶ
1461 1303 1737 1374 πρότερον
1764 1313 1848 1358 233

47 1380 303 1453 ἀλλήλοις
322 1390 474 1454 φίλοι
494 1383 650 1449 ὄντες
667 1389 839 1438 ταῦτα
861 1388 1104 1452 ἔπραξαν
1117 1426 1131 1453 ,
1153 1382 1256 1440 οὐκ
1278 1387 1331 1450 ἐξ
1352 1377 1431 1441 ὦν
1450 1381 1522 1440 ὅὶν
1541 1380 1606 1441 εὖ
1626 1384 1735 1440 πά-

46 1472 193 1522 θωσι
211 1473 383 1520 ταῦτα
401 1465 546 1529 εἰκὸς
566 1464 765 1520 ἐλάττω
787 1463 889 1535 τὴν
911 1469 1102 1534 φιλίαν
1123 1465 1306 1529 αὐτοῖς
1326 1472 1574 1537 ποιῆσαι,
1596 1464 1735 1521 ἀλλὰ

43 1553 218 1602 ταῦτα
254 1558 489 1619 μνημεῖα
529 1553 970 1618 καταλειφθῆναι
1002 1551 1115 1601 τῶν
1143 1546 1462 1617 μελλόντων
1490 1552 1734 1604 ἔσεσθαι.

45 1629 137 1684 καὶ
173 1629 276 1698 μὲν
312 1627 378 1698 δὴ
416 1634 660 1700 βελτίονί
683 1647 772 1684 σοι
799 1628 1067 1699 προσήκει
1095 1631 1360 1698 γενέσθαι
1389 1632 1507 1700 ἐμοὶ
1535 1637 1734 1685 πευθο-
1787 1644 1792 1647 ’

42 1713 193 1783 μένῳ
213 1706 247 1780 ἢ
269 1713 483 1784 ἐραστῇ.
538 1713 736 1766 ἐκεῖνοι
755 1710 859 1781 μὲν
875 1708 982 1779 γὰρ
1005 1710 1095 1765 καὶ
1115 1710 1263 1779 παρὰ
1282 1709 1343 1766 τὰ
1364 1714 1650 1781 βέλτιστον
1668 1711 1734 1767 τά

43 1813 101 1845 τε
122 1791 391 1862 λεγόμενα
411 1791 585 1847 καὶτὰ
605 1792 951 1863 πραττόμενα
969 1795 1286 1861 ἐπαινοῦσι,
1322 1790 1389 1847 τὰ
1419 1792 1518 1865 μὲν
1550 1793 1734 1848 δεδιό-

43 1891 132 1936 τες
150 1869 225 1942 μὴ
247 1870 623 1944 ἀπέχθωνται,
645 1874 710 1928 τὰ
733 1874 790 1930 δὲ
811 1876 900 1929 καὶ
921 1870 1077 1928 αὐτοὶ
1095 1884 1281 1944 χεῖρον
1300 1871 1390 1929 διὰ
1412 1873 1514 1947 τὴν
1534 1878 1733 1933 ἐπνθυ-
1763 1884 1795 1926 Β

41 1958 178 2022 μίαν
211 1953 630 2023 γιγνώσκοντες.
681 1961 907 2010 τοιαῦτα
944 1952 1051 2025 γὰρ
1090 1952 1118 2009 ὁ
1155 1958 1294 2024 ἔρως
1332 1959 1705 2014 ἐπιδείκνυται
1718 1978 1730 1990 ·

45 2038 458 2105 δυστυχοῦντας
486 2042 614 2107 μέν,
654 2035 689 2091 ὁὶ
718 2036 790 2108 μὴ
812 2038 995 2109 λύπην
1014 2049 1125 2102 τοῖς
1145 2035 1330 2103 ἄλλοις
1348 2041 1586 2109 παρέχει,
1608 2037 1733 2095 ἀνι-

44 2117 152 2184 αρὰ
173 2127 318 2171 ποιεῖ
336 2122 600 2187 νομίζειν·
628 2117 1000 2189 εὐτυχοῦντας
1020 2118 1187 2174 δὲκαὶ
1207 2117 1272 2173 τά
1292 2118 1366 2189 μὴ
1383 2117 1589 2191 ἡδονῆς
1609 2119 1733 2186 ἄξια

0 2196 7 2224 ’
45 2195 174 2264 παρ’
208 2199 438 2252 ἐκείνων
463 2200 695 2255 ἐπαίνου
724 2197 1016 2269 ἀναγκάζει
1052 2199 1368 2269 τυγχάνειν·
1408 2199 1547 2256 ὥστε
1586 2199 1732 2257 πολὺ

0 2226 25 2422 i
46 2284 258 2334 μᾶλλον
285 2281 455 2334 ἐλεεῖν
482 2291 596 2344 τοῖς
624 2283 918 2351 ἐρωμένοις
944 2278 981 2351 ἦ
1002 2286 1204 2350 ζηλοῦν
1224 2277 1428 2345 αὐτούς
1446 2282 1727 2354 προσήκει.

0 2426 7 2437 ⁹
44 2360 143 2416 ἐὰν
172 2359 224 2415 δ’
256 2364 373 2431 ἐμοὶ
398 2369 595 2435 πεύθῃ,
635 2370 859 2433 πρῶτον
877 2363 978 2433 μὲν
1000 2362 1068 2418 οὐ
1087 2362 1189 2434 τὴν
1206 2369 1502 2432 παροῦσαν
1521 2362 1733 2437 ἡδονὴν

25 2442 383 2510 ’θεραπεύων
401 2445 708 2516 συνέσομαί
723 2462 836 2514 σοι,
858 2442 996 2500 ἄλλα
1016 2446 1106 2500 καὶ
1124 2442 1226 2515 τὴν
1246 2447 1561 2516 μέλλουσαν
1583 2444 1731 2518 ὠφέ-

43 2529 201 2579 λειαν
220 2527 474 2591 ἔσεσθαι,
506 2522 608 2596 οὐχ
627 2523 721 2580 ὑπ’
745 2531 946 2594 ἔρωτος
963 2523 1298 2598 ἡττώμενος,
1341 2525 1464 2584 ἀλλ’
1487 2531 1731 2600 ἐμαυτοῦ
1763 2545 1796 2587 C

80 2612 291 2675 ρατῶν,
332 2603 460 2661 οὐδὲ
496 2605 584 2661 διὰ
608 2605 811 2677 σμικρὰ
832 2606 1066 2678 ἰσχυραν
1083 2606 1343 2679 ἔχθραν’
1310 2612 1728 2681 αναιρούμενος,

66 2682 183 2742 ’λλὰ
208 2686 296 2742 διὰ
317 2688 527 2758 μεγάλα
547 2692 794 2760 βραδέως
814 2687 1007 2760 ὀλίγην
1026 2687 1201 2787 ὀργὴν
1221 2691 1581 2762 ποιούμενος,
1619 2714 1731 2747 των

37 2750 204 2836 ’μὴ’
174 2775 454 2892 ἷκουσίιαινν
483 2772 822 2841 συγγνώμην
842 2777 1010 2842 ἔχων,
1047 2770 1112 2828 τὰ
1134 2772 1240 2828 δὲ’
1213 2773 1440 2829 εκούσια
1458 2774 1733 2845 πειρώμε-

226 2861 337 2891 ιΑτ)
1425 2856 1478 2899 14
