2028 3198
149 1822 237 1866 234

206 2389 238 2428 B

267 129 371 180 «κιο
867 132 1042 178 ΠΛΑ
1058 129 1225 179 ΤΩΝ
1240 130 1344 179 οΣ
1894 116 1963 183 η’

267 286 365 328 νος
383 263 738 330 ἀποτρέπειν·
763 267 936 316 ταῦτα
953 260 1059 330 γάρ
1078 263 1192 317 ἐστι
1208 269 1391 333 φιλίας
1405 269 1585 320 πολυν
1599 265 1804 335 χρόνον
1816 270 1946 323 ἐσο-

269 350 434 415 μένης
453 343 730 414 τεκμήρια.
787 347 836 398 εἰ
853 340 906 397 δ’
930 341 1039 412 ἄρα
1058 358 1146 399 σοι
1163 350 1325 400 τοῦτο
1346 347 1713 417 παρέστηκεν,
1754 345 1826 412 ῶς
1846 346 1946 418 οὐχ

269 421 390 479 οἷόν
408 446 466 479 τε
486 421 720 494 ἰσχυράν
739 429 929 494 φιλίαν
951 427 1241 495 γενέσθαι,
1275 424 1372 481 ἐὰν
1390 427 1465 497 μή
1485 448 1564 491 τις
1581 428 1724 496 ἐρῶν
1742 429 1947 499 τυγχά-

267 527 336 577 νῃ
349 548 363 575 ,
404 507 778 575 ἐνθυμεῖσθαι
795 505 918 576 χρή,
951 503 1035 560 ὅτι
1054 503 1176 560 οὔτ’
1198 502 1270 561 ἀν
1287 505 1418 572 τούς
1437 511 1573 572 υἱεῖς
1591 510 1715 578 περὶ
1732 514 1945 566 πολλοῦ
2006 563 2008 565 ,

266 586 606 657 ἐποιούμεθα
635 585 757 641 οὔτ’
792 583 865 641 ἀν
883 585 1014 651 τοὺς
1048 589 1282 654 πατέρας
1301 587 1506 654 καὶτὰς
1524 592 1784 662 μητέρας,
1821 591 1943 646 οὔτ’
2012 632 2016 634 -

267 663 339 722 ἀν
369 666 596 733 πιστοὺς
629 673 824 738 φίλους
846 666 1210 738 ἐκεκτήμεθα,
1249 673 1306 723 οἳ
1321 663 1424 724 οὐκ
1443 672 1496 736 ἐξ
1516 674 1809 742 ἐπιθυμίας
1831 695 1944 728 τοι-

267 749 436 819 αύτης
453 749 750 818 γεγόνασιν
770 747 891 805 ἀλλ’
913 752 966 815 ἐξ
987 750 1186 818 ἐτέρων
1206 750 1666 822 ἐπιτηδευμάτων.

406 836 490 885 ΙΧ.
548 830 666 885 ”En
703 830 762 886 δὲ
799 835 847 885 εἰ
878 829 980 901 χρὴ
1020 841 1132 894 τοῖς
1169 833 1447 900 δεομένοις
1475 835 1707 903 μάλιστα
1733 840 1938 905 χαρίζε-
2008 872 2012 874 v

265 919 427 981 σθαι,
463 911 730 982 προσήκει
759 913 849 966 καὶ
879 923 994 975 τοῖς
1022 909 1207 976 ἄλλοις
1227 910 1300 982 μὴ
1320 911 1450 977 τοὺς
1467 920 1782 985 βελτίστους
1803 914 1939 971 ἀλλὰ
2020 951 2028 991 i

265 994 394 1058 τοῦς
423 991 816 1062 ἀπορωτάτους
847 987 912 1049 εὖ
938 1004 1142 1048 ποιεῖν·
1182 999 1453 1064 μεγίστων
1471 996 1576 1065 γὰρ
1597 994 1940 1065 ἀπαλλαγέν-
2020 993 2028 1031 '⁵

265 1097 354 1140 τες
371 1081 559 1130 κακῶν
579 1080 838 1145 πλείστην
854 1075 1016 1145 χάριν
1035 1072 1221 1139 αὐτοῖς
1240 1083 1496 1131 εἴσονται.
1535 1078 1624 1132 καὶ
1643 1078 1743 1148 μὲν
1765 1076 1830 1148 δὴ
1851 1080 1939 1134 καὶ
2012 1133 2028 1154 ,Δ

265 1159 327 1212 ἐν
355 1168 470 1221 ταῖς
490 1160 649 1220 ἰδίαις
671 1157 940 1221 δαπάναις
957 1154 1026 1211 οὐ
1044 1157 1175 1220 τούς
1194 1162 1390 1227 φίλους
1411 1157 1565 1223 ἄξιον
1584 1167 1938 1229 παρακαλεῖν,
2015 1174 2028 1218 Γ

264 1237 403 1293 ἀλλά
423 1236 553 1302 τοὺς
572 1245 1007 1307 προσαιτοῦντας
1027 1238 1114 1292 καὶ
1135 1235 1265 1302 τοὺς
1285 1240 1578 1308 δεομένους
1598 1246 1937 1310 πλησμονῆς·

264 1322 465 1374 ἐκεῖνοι
493 1317 600 1388 γάρ
631 1321 721 1374 καὶ
753 1318 1101 1390 ἀγαπήσουσι
1130 1321 1219 1374 καὶ
1249 1318 1700 1391 ἀκολουθήσουσι
1733 1321 1824 1377 καὶ
1856 1324 1938 1376 ἐπὶ

264 1399 360 1464 τάς
382 1400 565 1469 θύρας
584 1400 777 1471 ἥξουσι
797 1403 887 1458 καὶ
905 1402 1138 1472 μάλιστα
1157 1399 1500 1473 ἡσθήσονται
1519 1405 1610 1458 καὶ
1631 1403 1734 1459 οὐκ
1763 1407 1936 1473 έλαχῶ

267 1499 402 1551 στην
437 1482 599 1552 χάριν
637 1491 875 1539 εἴσονται
908 1485 998 1539 καὶ
1029 1484 1206 1538 πολλὰ
1239 1481 1425 1554 ἀγαθὰ
1457 1481 1643 1550 αὐτοῖς
1673 1484 1937 1550 εὔξονται.
2011 1524 2014 1527 «

266 1561 388 1618 ἀλλ’
423 1571 553 1628 ἴσως
573 1564 837 1636 προσήκει
856 1563 924 1619 οὐ
944 1577 1054 1629 τοῖς
1073 1565 1292 1636 σφόδρα
1311 1568 1588 1635 δεομένοις
1607 1571 1937 1636 χαρίζεσθαι,
2008 1606 2012 1615 ,ψ

267 1643 404 1700 ἀλλὰ
423 1657 534 1709 τοῖς
555 1646 787 1716 μάλιστα
807 1645 1114 1702 ἀποδοῦναι
1133 1648 1294 1717 χάριν
1309 1651 1657 1718 δυναμένοις·
1683 1646 1812 1704 οὐδὲ
1829 1658 1940 1711 τοῖς
2003 1694 2007 1697 .

266 1733 627 1795 προσαιτοῦσι
672 1728 876 1798 μόνον,
921 1727 1059 1784 ἀλλά
1105 1739 1218 1793 τοῖς
1258 1733 1358 1783 τοῦ
1394 1727 1710 1798 πράγματος
1745 1727 1938 1794 ἀξίοις·
2004 1783 2008 1787 .

265 1804 395 1860 οὐδὲ
414 1805 536 1862 ὅσοι
553 1814 649 1878 τῆς
669 1815 766 1878 σῆς
787 1807 831 1862 ῶ
835 1830 932 1877 ρας
953 1806 1388 1877 ἀπολαύσονται,
1427 1807 1548 1864 ἀλλ’
1573 1813 1629 1864 οἵ
1643 1830 1785 1874 τινες
1805 1830 1939 1876 πρε-

266 1890 514 1960 σβυτέρῳ
532 1893 811 1961 γενομένῳ
829 1895 940 1943 τῶν
955 1893 1237 1959 σφετέρων
1252 1888 1484 1958 ἀγαθῶν
1499 1889 1913 1960 μεταδώσουσιν
1924 1913 1936 1926 ·
1998 1935 1999 1938 ,

267 1966 397 2024 οὐδὲ
427 1974 484 2023 οἳ
501 1969 927 2038 διαπραξάμενοι
948 1967 1085 2039 πρὸς
1102 1968 1231 2032 τοὺς
1252 1967 1453 2032 ἄλλους
1470 1968 1936 2040 φιλοτιμήσονται,

265 2048 384 2105 ἀλλ’
421 2053 476 2104 οἳ
501 2071 646 2114 τινες
676 2049 1060 2121 αἰσχυνόμενοι
1087 2047 1224 2117 πρὸς
1260 2047 1504 2114 ἅπαντας
1541 2049 1934 2119 σιωπήσονται·
2014 2098 2016 2100 ,

267 2131 397 2188 οὐδὲ
416 2142 527 2196 τοῖς
546 2130 736 2201 ὀλίγον
755 2131 959 2202 χρόνον
978 2131 1404 2201 σπουδάζουσιν,
1443 2129 1578 2186 ἀλλά
1610 2141 1722 2194 τοῖς
1740 2127 1937 2200 ὁμοίως

268 2211 357 2267 διά
378 2211 585 2277 παντὸς
604 2220 705 2268 τοῦ
723 2219 850 2284 βίου
871 2220 1050 2283 φίλοις
1068 2214 1345 2283 ἐσομένοις
1358 2233 1371 2244 ·
1410 2211 1540 2267 οὐδὲ
1557 2215 1769 2274 οἵτινες
1792 2232 1937 2265 παυ-
2010 2266 2013 2275 ,

266 2294 456 2364 όμενοι
475 2301 570 2365 τῆς
589 2297 884 2366 ἐπιθυμίας
903 2300 1105 2366 ἔχθρας
1126 2295 1411 2366 πρόφασιν
1428 2293 1779 2365 ζητήσουσιν,
1813 2291 1933 2348 ἀλλ’

270 2379 327 2430 οἳ
351 2378 723 2446 παυσαμένοις
750 2384 846 2447 τῆς
875 2374 1019 2446 ῶρας
1048 2377 1168 2432 τότε
1195 2375 1296 2447 τὴν
1316 2373 1499 2430 αὑτῶν
1518 2373 1718 2445 ἀρετὴν
1738 2378 1939 2430 ἐπιδεί-

267 2460 465 2522 ξονται.
506 2457 576 2510 σύ
595 2452 700 2513 οὖν
719 2466 831 2514 τῶν
849 2481 906 2514 τε
927 2463 1229 2530 εἰρημένων
1248 2460 1490 2529 μέμνησο
1504 2499 1520 2527 ,
1540 2460 1632 2514 καὶ
1651 2460 1825 2513 ἐκεῖνο
1845 2459 1935 2511 ἐν-

264 2543 473 2609 θυμοῦ,
494 2537 578 2593 ὅτι
594 2538 724 2604 τοὺς
742 2540 842 2610 μὲν
861 2543 1098 2610 ἐρῶντας
1117 2544 1173 2595 οἱ
1194 2546 1344 2610 φίλοι
1363 2545 1730 2594 νουθετοῦσιν
1748 2538 1818 2601 ῶς
1837 2535 1935 2591 ὄν-

262 2641 355 2684 τος
383 2626 563 2674 κακοῦ
596 2627 696 2675 τοῦ
728 2622 1178 2692 ἐπιτηδεύματος,
1215 2632 1327 2684 τοῖς
1355 2623 1414 2674 δὲ
1443 2618 1514 2690 μὴ
1536 2623 1736 2689 ἐρῶσιν
1755 2615 1935 2681 οὐδεὶς

265 2700 487 2755 πώποτε
515 2707 629 2756 τῶν
657 2706 875 2756 οἰκείων
901 2705 1173 2773 ἐμέμψατο
1205 2700 1278 2764 ὥς
1308 2699 1397 2755 διά
1416 2707 1577 2755 τοῦτο
1597 2703 1777 2761 κακῶς
1795 2702 1933 2767 βου-
1987 2707 1995 2755 ἴ

263 2785 578 2844 λευομένοις
614 2784 738 2845 περὶ
776 2785 1003 2838 ἑαυτῶν.
1041 2791 1171 2846 ἴσως
1204 2784 1306 2852 μὲν
1341 2775 1447 2836 οὖν
1484 2776 1554 2833 ἂν
1588 2778 1734 2845 ἔροιό
1773 2800 1856 2847 με,
1886 2783 1934 2833 εἰ
