2028 3198
0 0 57 74 Ε,-
76 0 172 31 ›>'·
202 0 265 30 '‘S''
319 0 346 28 j,
364 0 404 10 -·“
439 0 463 14 *e
485 0 504 8 v
541 0 547 3 ·

0 114 11 124 ’
82 150 141 199 ῃ
228 127 238 154 ⁷
743 140 1124 189 φΑῑΔΡοΣ.
1665 140 1769 191 21³

84 282 255 334 παῖδα
285 275 358 342 ῶς
384 274 487 333 οὐκ
514 274 674 350 ἐρῴη·
729 278 826 329 καί
850 294 980 332 ποτε
1009 271 1184 329 αὐτὸν
1212 277 1383 328 αἰτῶν
1402 278 1591 330 ἔπειθε
1610 273 1763 330 τοῦτ’

84 358 253 430 αύτό,
293 356 366 422 ὡς
406 355 479 428 μὴ
516 359 712 427 ἐρῶντι
749 352 856 424 πρὸ
887 361 991 410 τοῦ
1017 359 1254 424 ἐρῶντος
1285 357 1397 411 δέοι
1430 360 1768 427 χαρίζεσθαι,

82 442 240 511 ἔλεγέ
252 461 309 495 τε
329 432 437 494 ῶδε
451 459 463 471 ·
1693 478 1698 481 ,

227 526 365 576 xlv.
437 522 576 588 Περὶ
594 518 829 590 παντός,
872 512 918 574 ῶ
936 531 1060 590 παῖ’,
1098 524 1195 590 μία
1216 517 1355 591 ἀρχὴ
1375 532 1489 585 τοῖς
1506 524 1770 591 μέλλουσι

82 610 265 669 καλῶς
286 602 681 675 βουλεύεσθαι·
723 604 926 658 εἰδέναι
945 605 1032 658 δεῖ
1046 604 1170 671 περὶ
1190 595 1261 657 οὗ
1280 598 1353 657 ἂν
1371 596 1407 674 ᾗ
1426 601 1460 674 ἡ
1483 603 1690 675 βουλή,
1730 600 1767 676 ἢ
1799 615 1832 658 G

83 685 293 750 παντὸς
312 682 650 756 ἁμαρτάνειν
669 681 901 755 ἀνάγκη.
934 682 1066 749 τοὺς
1089 683 1147 740 δὲ
1166 682 1408 748 πολλοὺς
1425 685 1663 754 λέληθεν
1682 683 1768 741 ὅτι

84 766 192 827 οὐκ
222 775 370 823 ἴσασι
397 764 500 837 τὴν
517 763 716 821 οὐσίαν
736 765 986 821 ἑκάστου.
1043 762 1115 830 ῶς
1135 757 1240 820 οὖν
1263 765 1467 831 εἰδότες
1488 763 1557 821 οὐ
1577 770 1769 837 διομο-

81 856 380 920 λογοῦνται
409 851 468 903 ἐν
488 846 625 920 ἀρχῇ
644 853 740 918 τῆς
759 847 1028 917 σκέψεως,
1067 846 1442 918 προελθόντες
1461 845 1520 902 δὲ
1538 844 1599 902 τὸ
1623 848 1768 912 εἰκὸς

79 931 447 989 ἀποδιδόασιν
461 951 472 962 ·
513 928 642 985 οὔτε
671 927 778 999 γὰρ
801 929 1014 993 ἑαυτοῖς
1033 927 1160 984 οὔτε
1181 927 1438 999 ἀλλήλοις
1455 925 1768 999 ὁμολογοῦ-

81 1032 187 1071 σιν.
242 1012 348 1085 ἐγώ
381 1006 487 1069 οὖν
515 1012 606 1067 καὶ
635 1008 707 1065 σὺ
738 1009 811 1082 μὴ
842 1010 1115 1082 πάθωμεν
1142 1007 1171 1064 ὃ
1201 1007 1389 1074 ἄλλοις
1417 1010 1766 1081 ἐπιτιμῶμεν,

78 1093 203 1151 ἀλλ’
237 1093 422 1165 ἐπειδὴ
456 1095 542 1149 σοὶ
570 1093 661 1148 καὶ
689 1094 808 1163 ἐμοὶ
838 1089 867 1148 ὁ
887 1092 1051 1163 λόγος
1070 1091 1380 1160 πρόκειται,
1420 1092 1618 1159 ἐρῶντι
1635 1087 1671 1162 ἢ
1690 1090 1762 1163 μὴ

84 1183 298 1247 μᾶλλον
316 1181 392 1241 εἰς
410 1180 602 1246 φιλίαν
622 1177 766 1230 ἰτέον
778 1217 793 1245 ,
832 1176 956 1244 περὶ
977 1179 1205 1244 ἔρωτος,
1239 1171 1362 1229 οἷόν
1377 1195 1435 1228 τε
1454 1176 1568 1229 ἔστι
1586 1175 1677 1230 καὶ
1695 1170 1766 1244 ἣν

82 1262 191 1327 ἔχει
211 1257 478 1327 δύναμιν,
512 1254 778 1329 ὁμολογίᾳ
795 1259 1024 1327 θέμενοι
1043 1254 1207 1326 ὅρον,
1246 1260 1322 1321 εἰς
1343 1261 1506 1311 τοῦτο
1526 1252 1768 1327 ἀποβλέ-
1800 1264 1837 1305 D

84 1359 282 1402 ποντες
301 1341 391 1393 καὶ
411 1335 784 1408 ἀναφέροντες
803 1337 905 1410 τὴν
926 1339 1122 1410 σκέψιν
1141 1336 1431 1407 ποιῶμεθα
1444 1378 1457 1404 ,
1489 1343 1594 1392 εἴτε
1619 1334 1767 1406 ῶφέ-

82 1427 238 1476 λειαν
259 1428 365 1476 εἴτε
382 1420 600 1492 βλάβην
619 1421 856 1492 παρέχει.
914 1419 998 1476 ὅτι
1017 1420 1118 1490 μὲν
1136 1411 1241 1474 οὖν
1260 1416 1326 1490 δὴ
1347 1421 1616 1489 ἐπιθυμία
1635 1441 1715 1482 τις
1734 1417 1761 1473 ὁ

82 1508 248 1573 ἔρως,
289 1500 492 1557 ἅπαντι
530 1506 727 1574 δῆλον·
768 1502 852 1559 ὅτι
888 1502 942 1558 δ’
981 1496 1053 1557 αὖ
1082 1503 1173 1558 καὶ
1200 1502 1272 1573 μὴ
1304 1504 1534 1571 ἐρῶντες
1565 1503 1768 1556 ἐπιθυ-

83 1589 252 1655 μοῦσι
278 1589 393 1638 τῶν
424 1589 641 1650 καλῶν,
681 1592 855 1655 ἴσμεν.
908 1593 984 1659 τῷ
1017 1583 1083 1655 δὴ
1117 1583 1216 1641 τὸν
1245 1584 1456 1655 ἐρῶντά
1484 1605 1542 1639 τε
1570 1586 1662 1640 καὶ
1691 1583 1764 1655 μὴ

84 1672 415 1735 κρινοῦμενς
453 1670 540 1721 δεῖ
567 1659 640 1721 αὖ
659 1674 873 1738 νοῆσαι,
894 1664 977 1722 ὅτι
1009 1664 1167 1738 ἡμῶν
1199 1669 1261 1723 ἐν
1290 1667 1497 1739 ἑκάστῳ
1529 1663 1631 1720 δύο
1652 1666 1771 1720 τινέ

82 1750 244 1805 ἐστον
266 1751 382 1804 ἰδέα
402 1747 630 1819 ἄρχοντε
650 1752 741 1804 καὶ
761 1748 986 1819 ἄγοντε,
1015 1746 1101 1805 οἷν
1120 1749 1368 1822 ἑπόμεθα
1389 1741 1428 1821 ᾖ
1445 1744 1518 1803 ἄν
1538 1746 1764 1819 ἅγητον,

85 1827 117 1901 ἡ
138 1831 242 1899 μὲν
261 1835 502 1901 ἔμφυτος
521 1825 660 1886 οὖσα
681 1834 947 1902 έπνθυμία
971 1829 1214 1902 ἡδονῶν,
1240 1829 1376 1901 ἄλλη
1403 1830 1461 1886 δὲ
1480 1832 1766 1900 ἐπίκτητος

87 1912 246 1982 δόξα,
286 1915 541 1983 ἐφιεμένη
571 1918 673 1968 τοῦ
702 1911 945 1984 ἀρίστου.
998 1912 1177 1968 τούτω
1209 1913 1268 1969 δὲ
1297 1915 1357 1969 ἐν
1374 1910 1506 1983 ἡμῖν
1525 1911 1645 1966 τοτὲ
1664 1911 1767 1981 μὲν
1802 1924 1831 1964 Ε

81 2005 420 2064 ομονοεῖτον,
443 1998 555 2051 ἔστι
576 1993 633 2051 δὲ
654 1992 744 2050 ὅτε
764 1994 1138 2061 στασιάζετον·
1169 1996 1262 2051 καὶ
1280 1994 1400 2050 τοτὲ
1419 1994 1521 2065 μὲν
1538 1991 1573 2063 ἡ
1592 1992 1764 2062 ἑτέρα,

81 2073 279 2131 ἄλλοτε
309 2079 368 2132 δὲ
396 2074 430 2148 ἡ
463 2077 618 2146 ἑτέρα
647 2088 849 2147 κρατεῖ.
905 2075 1065 2147 δόξης
1094 2076 1195 2147 μὲν
1225 2070 1330 2132 οὖν
1351 2077 1438 2132 ἐπὶ
1457 2075 1517 2131 τό
1539 2073 1767 2144 ἄριστον

5 2210 12 2217 .
82 2157 231 2231 λόγῳ
260 2156 502 2230 ἀγούσης
530 2162 619 2216 καὶ
640 2160 948 2231 κρατούσης
968 2166 1046 2234 τῷ
1064 2159 1252 2231 κράτει
1273 2157 1613 2228 σωφροσύνη
1636 2156 1766 2213 ὅνο-

83 2262 183 2311 μα·
221 2242 516 2311 ἐπιθυρὶίας
547 2241 606 2297 δὲ
635 2240 849 2311 ἀλόγως
871 2242 1135 2312 ἑλκούσης
1155 2242 1243 2298 ἐπὶ
1263 2237 1467 2312 ἡδονὰς
1487 2241 1578 2295 καὶ
1596 2236 1768 2310 άρξά-
1795 2255 1882 2300 238

8 2375 14 2386 ,
84 2339 186 2392 σης
216 2325 275 2377 ἐν
294 2320 424 2392 ἡμῖν
440 2329 508 2392 τῇ
529 2320 668 2395 ἀρχῇ
687 2322 846 2394 ὕβρις
865 2323 1256 2394 ἐπωνομάσθη.
1311 2320 1471 2394 ὕβρις
1492 2320 1551 2378 δὲ
1574 2318 1641 2392 δὴ
1663 2339 1768 2375 πο·-

85 2403 408 2474 λυιόνυμον·
456 2405 757 2475 πολυμελὲς
795 2406 901 2475 γὰρ
940 2407 1031 2462 καὶ
1067 2408 1376 2471 πολυειδές·
1422 2406 1515 2461 καὶ
1550 2401 1767 2461 τούτων

81 2492 196 2542 τῶν
215 2489 380 2542 ἰδεῶν
399 2485 673 2557 ἐκπρεπὴς
691 2484 726 2557 ἢ
746 2483 818 2542 ἂν
837 2487 972 2559 τύχῃ
991 2490 1285 2559 γενομένη,
1308 2484 1412 2559 τὴν
1431 2483 1602 2559 αὑτῆς
1620 2488 1766 2543 ἐπω-

16 2581 43 2641 '3
83 2574 290 2638 νυμίαν
322 2566 734 2638 ὀνομαζόμενον
766 2568 867 2624 τὸν
898 2575 1088 2640 ἔχοντα
1120 2572 1436 2642 παρέχεται,
1475 2567 1606 2626 οὔτε
1641 2568 1763 2623 τινὰ

82 2647 263 2721 καλὴν
300 2648 429 2704 οὔτε
467 2652 692 2716 ἐπαξίαν
729 2657 1046 2723 κεκτῆσθαι.
1106 2654 1231 2721 περὶ
1267 2653 1369 2724 μὲν
1405 2652 1512 2723 γὰρ
1551 2648 1765 2721 ἐδωδὴν

60 2737 364 2801 7κρατοῦσα
394 2739 495 2787 τοῦ
525 2732 696 2803 λόγου
727 2740 828 2789 τοῦ
856 2731 1087 2805 ἀρίστου
1114 2735 1206 2791 καὶ
1226 2741 1340 2791 τῶν
1358 2733 1545 2791 ἄλλων
1563 2734 1765 2788 ἐπνθυ-

81 2818 225 2880 μιῶν
253 2817 518 2886 ἐπιθυμία
547 2820 946 2887 γαστριμαργία
974 2837 1030 2872 τε
1065 2819 1154 2872 καὶ
1191 2814 1291 2872 τὸν
1329 2820 1522 2887 ἔχοντα
1558 2809 1765 2870 ταύτὸν
1798 2828 1830 2868 Β

14 2509 35 2575 .„'‘⁴·
