2028 3198
467 350 1040 421 IHHAPXOE
1086 346 1127 431 ἢ
1175 350 1886 422 ΦΙΛΟΚΕΡΛΗΣ

1031 470 1309 554 [ἠθικός]

611 675 706 723 ΤΑ
747 675 896 723 TOY
928 674 1322 725 ΔΙΑΛΟΓΟΥ
1353 670 1718 724 ΠΡΟΣΩΙΙΑ

733 784 1197 853 ΣΩΚΡΑΤΗΣ,
1234 782 1588 838 ΕΤΑΙΡΟΣ.

205 897 312 940 ΒΗΛ

239 967 323 1061 ΞΡΞξ)
482 989 564 1055 Tc
579 998 684 1070 γὰρ
705 998 763 1054 τὸ
791 999 1137 1069 φιλοκερδές;
1170 1002 1226 1052 τί
1241 999 1376 1052 ποτέ
1391 999 1530 1067 ἐστι,
1562 997 1652 1052 καὶ
1672 1000 1813 1059 τίνες
1833 997 1888 1049 οἱ
1906 1014 2002 1062 φι-

325 1084 602 1152 λοκερδεῖς
615 1106 627 1147 3

467 1169 581 1219 ET.
631 1161 778 1234 Ἐμοὶ
797 1185 898 1233 μεν
927 1166 1217 1230 δοκοῦσιν,
1254 1166 1310 1216 οἳ
1334 1157 1406 1217 ἂν
1435 1165 1747 1231 κερδαίνειν
1776 1156 2001 1223 ἀξιῶσιν

326 1245 432 1301 ἀπὸ
455 1252 568 1301 τῶν
587 1245 822 1317 μηδενὸς
843 1244 1026 1311 αξίων.

466 1333 588 1384 ΣΩ.
644 1328 896 1395 Πότερον
926 1328 1032 1382 οὐν
1061 1343 1149 1381 σοι
1188 1329 1416 1381 δοκοῦσι
1449 1325 1878 1395 γιγνώσκοντες,
1918 1322 2003 1379 ότι

329 1408 559 1475 οὐδενός
595 1414 743 1466 ἐστιν
780 1410 928 1478 ἄξια,
964 1405 1001 1480 ἢ
1031 1407 1392 1478 αγνοοῦντες;
1430 1413 1479 1464 εἰ
1511 1406 1617 1478 γὰρ
1649 1405 2000 1478 ἀγνοοῦντες,

326 1491 596 1564 ἀνοήτους
617 1495 788 1563 λέγεις
807 1490 939 1557 τοὺς
959 1494 1314 1562 φιλοκερδεῖς.

466 1581 577 1630 ΕΤ.
629 1573 765 1629 Ἀλλ’
788 1573 890 1629 οὐκ
910 1572 1183 1643 ἀνοήτους
1201 1576 1357 1643 λέγω,
1378 1569 1516 1627 ἄλλα
1535 1570 1890 1640 πανούργους
1910 1571 1999 1623 καὶ

327 1656 610 1729 πονηροὺς
629 1659 718 1712 καὶ
737 1655 934 1726 ἥττους
952 1663 1054 1711 τοῦ
1074 1659 1331 1724 κέρδους,
1360 1652 1768 1723 γιγνώσκοντας
1797 1650 1878 1706 ὅτι
1902 1648 2002 1706 οὐ·

261 1766 295 1805 Β
329 1739 488 1806 δενὸς
509 1739 636 1806 ἄξιοί
658 1742 807 1795 ἐστιν
836 1736 927 1808 ἀφ’
953 1760 1035 1793 ων
1060 1744 1303 1808 τολμῶσι
1334 1740 1670 1805 κερδαίνειν,
1711 1733 1858 1804 ὅμως
1875 1739 2005 1788 τολ-

324 1829 439 1896 μᾷν
459 1826 846 1924 φιλοκερδεῖν
829 1819 894 1875 δι’
918 1817 1330 1889 ἄναισχυντιᾞαν

465 1911 588 1960 ΣΩ.
637 1899 744 1974 Αρ’
777 1897 884 1958 οὖν
925 1902 1138 1957 τοιόνδε
1169 1904 1342 1970 λέγεις
1377 1899 1478 1955 τὸν
1515 1901 1840 1969 φιλοκερδῆ,
1882 1893 2001 1950 οἷον

323 1986 423 2042 ἐὰν
443 1985 702 2056 φυτεύων
721 1982 1020 2055 γεωργικὸς
1040 1982 1182 2054 ἀνὴρ
1214 1984 1304 2037 καὶ
1322 1983 1647 2051 γιγνώσκων
1666 1979 1749 2034 ὅτι
1769 1976 2000 2041 οὐδενὸς

322 2068 479 2134 ἄξιον
507 2066 568 2124 τὸ
601 2067 809 2138 φυτόν,
850 2064 995 2131 αξιοῖ
1021 2063 1129 2121 ἀπὸ
1163 2064 1364 2119 τούτου
1392 2063 1755 2131 ἐκτραφέντος
1775 2062 2000 2129 κερδαί-

326 2172 472 2217 νειν;
511 2146 621 2219 ἆρα
638 2157 895 2206 τοιοῦτον
914 2145 1087 2202 αὐτὸν
1109 2148 1308 2217 λέγεις;
2026 2204 2028 2206 ,

464 2241 578 2291 ΕΤ.
632 2230 759 2287 Ἀπὸ
783 2228 988 2294 παντὸς
1008 2228 1041 2284 ὅ
1063 2249 1124 2297 γε
1145 2226 1499 2298 φιλοκερδής,
1524 2219 1566 2280 c3
1586 2222 1897 2294 Σώκρατες,
1921 2229 2004 2276 οἰ-

330 2337 444 2371 εται
465 2320 580 2370 δεῖν
602 2317 927 2384 κερδαίνειν.

474 2404 601 2454 ΣΩ.
659 2395 760 2467 Μή
780 2417 871 2467 μοι
893 2393 1067 2458 οὕτως
1091 2397 1237 2496 ειίκῇ,
1270 2392 1454 2461 ὥσπερ
1476 2414 1526 2447 τι
1545 2388 1870 2460 ἠδικημένος
1895 2384 2004 2440 ὑπό

263 2512 295 2553 C
329 2501 505 2550 τινος,
544 2478 683 2534 αλλα
714 2481 998 2548 προσέχων
1027 2475 1144 2546 ἐμοὶ
1174 2474 1274 2530 τὸν
1294 2481 1436 2530 νοῦν
1454 2471 1777 2540 απόκριναι,
1819 2468 2001 2536 ω’σπερ

329 2560 400 2618 ἂν
431 2568 481 2618 εἰ
506 2565 558 2628 ἐξ
585 2560 752 2631 αρχῆς
781 2559 945 2615 πάλιν
972 2558 1230 2629 ἥρω’των·
1273 2554 1391 2625 οὐχὶ
1417 2552 1699 2624 ὁμολογεῖς
1726 2550 1824 2606 τὸν
1843 2556 2005 2620 φιλο-

327 2651 494 2716 κερδῆ
517 2646 850 2716 ἐπιστήμονα
884 2643 1022 2699 εἶναι
1041 2645 1164 2712 περὶ
1184 2646 1278 2710 τῆς
1298 2635 1447 2702 ἀξίας
1466 2635 1692 2705 τούτου,
1716 2633 1855 2689 ὅθεν
1875 2653 2006 2700 κερ-

329 2733 538 2783 δαίνειν
558 2725 700 2792 ἀξιοῖ
712 2749 727 2791 ;

466 2816 576 2865 ET.
619 2808 843 2878 Ἔγωγε.
