2028 3198
274 153 376 206 248
876 154 1358 204 ΠΛΑΤΩΝΟΣ
1875 166 1960 210 110

274 311 366 343 ναι
397 295 619 359 πρῶτον
648 288 750 360 μὲν
770 291 855 344 δεῖ
869 293 1042 343 ταῦτα
1061 285 1174 362 ὁδῷ
1197 291 1526 361 διῃρῆσθαι,
1552 293 1657 346 ἱκαὶ
1676 295 1957 361 εἰληφεναι

275 366 396 423 τινά
426 376 743 442 χαρακτῆρα
774 371 1036 440 ἑκατέρου
1062 375 1166 424 τοῦ
1185 373 1384 440 εἴδους,
1434 373 1496 427 ἐν
1516 364 1562 443 ᾦ
1579 394 1636 428 τε
1661 371 1873 444 ἀνάγκη
1893 371 1953 428 τὸ

272 455 490 520 πλῆθος
512 458 833 507 πλανᾶσθαι
851 451 943 507 καὶ
963 454 1023 506 ἐν
1043 443 1090 524 ᾦ
1107 452 1198 523 μή.

213 541 243 581 C
418 538 569 589 ΦΑΙ.
620 535 811 589 Καλὸν
830 539 977 603 γοῦν
992 531 1091 603 ἄν,
1114 527 1158 587 03⁷
1177 534 1500 606 Σώκρατες,
1522 534 1665 601 εἶδος
1685 544 1766 607 εἴη
1787 558 1957 592 κατα-

274 613 555 685 νενοηκως
574 613 603 669 ὁ
625 622 788 671 τοῦτο
808 614 1015 686 λαβών.

412 701 539 751 ΣΩ.
580 696 803 752 ’Ἑπειτά
835 718 899 766 γε
926 694 1076 767 οἶμαι
1104 697 1243 765 πρὸς
1274 697 1483 770 ἑκάστω
1512 699 1846 769 γιγνόμενον
1882 687 1953 769 μὴ

274 777 605 847 λανθάνειν,
642 776 763 834 ἀλλ’
797 777 960 844 ὀξέως
989 778 1391 847 αἰσθάνεσθαι,
1429 780 1554 850 περὶ
1583 773 1654 834 οὗ
1688 776 1761 835 ἂν
1789 780 1956 850 μέλλῃ

273 861 444 929 ἐρεῖν,
465 863 704 929 ποτέρου
724 856 791 915 ὂν
811 859 1071 930 τυγχάνει
1092 866 1194 914 τοῦ
1211 863 1425 930 γένους.

416 945 564 995 ΦΑΙ.
630 947 701 995 Τί
713 941 852 1012 mm

410 1027 535 1077 ΣΩ.
594 1028 662 1077 Τί
687 1016 820 1087 οὗνς
851 1021 1182 1095 τὸν”Ερωτα
1212 1022 1452 1092 πότερον
1471 1031 1666 1094 φῶμεν
1686 1022 1826 1079 εἶναι
1843 1030 1954 1080 τῶν

277 1101 764 1175 ἐμφισβητησίμων
781 1100 818 1174 ἢ
835 1111 949 1159 τῶν
968 1105 1070 1175 μή;

412 1190 564 1240 ΦΑΙ.
619 1190 745 1239 Τῶν
776 1183 1270 1256 ἀμφισβητησίμων
1306 1186 1373 1256 δή
1403 1207 1534 1242 που·
1573 1183 1611 1256 ἢ
1642 1193 1743 1240 οἱέι
1778 1184 1840 1239 ἀτ
1868 1202 1956 1239 σοι
2025 1212 2028 1213 ’

270 1270 624 1334 συγχωρῆσαι
652 1269 825 1320 εἰπεῖν
853 1264 889 1320 ὁὲ
918 1272 1028 1321 νῦν
1047 1263 1114 1336 δὴ
1138 1264 1281 1330 εἶπες
1300 1267 1424 1337 περὶ
1443 1264 1643 1334 αὐτοῦ,
1683 1262 1755 1330 ὡς
1774 1263 1954 1336 βλάβη

267 1347 329 1400 τέ
353 1347 465 1400 ἐστι
494 1351 569 1419 τῷ
600 1348 856 1420 ἐρωμένῳ
887 1349 978 1402 καὶ
1008 1351 1231 1418 ἐρῶντι,
1272 1349 1363 1403 καὶ
1394 1341 1561 1412 αὖθις
1591 1344 1664 1411 ως
1699 1348 1955 1417 μέγιστον

200 1447 236 1487 D
267 1433 380 1483 τῶν
399 1426 632 1497 ἀγαθῶν
650 1429 937 1499 τυγχάνει;

410 1514 533 1564 Σῼ.
574 1508 803 1581 ’Ἀριστα
829 1513 1027 1581 λέγεις·
1067 1510 1191 1568 ἀλλ’
1224 1515 1337 1567 εἰπὲ
1367 1513 1459 1567 καὶ
1487 1511 1614 1565 τόδε
1639 1544 1700 1550 -
1721 1508 1826 1579 ἐγώ
1845 1509 1952 1580 γάρ

266 1611 350 1645 τοι
378 1588 468 1645 διὰ
498 1589 559 1646 τὸ
589 1594 1051 1648 ἐνθουσιαστικὸν
1081 1591 1151 1648 οὐ
1179 1594 1331 1648 πάνυ
1360 1597 1635 1664 μέμνημαι
1655 1624 1722 1633 ——-
1753 1595 1802 1647 εἰ
1820 1590 1942 1662 edm«
2018 1610 2028 1670 ς

267 1673 450 1744 σάμην
469 1678 643 1742 ἔρωτα
667 1671 970 1745 ἀρχόμενος
987 1683 1088 1732 τοῦ
1108 1676 1295 1747 λόγου.

407 1761 559 1810 ΦΑΙ.
615 1753 706 1826 Νὴ
728 1755 823 1810 Δί’
846 1755 1139 1828 ἀμηχάνως
1155 1781 1217 1828 γε
1243 1755 1316 1822 ὥς
1335 1758 1571 1829 σφόδρα.
2024 1815 2028 1830 1

405 1842 529 1891 Σῼ.
596 1843 743 1906 Φεῦ,
780 1836 894 1910 ὅσω
934 1844 1107 1909 λέγεις
1143 1843 1534 1911 τεχνικωτέρας
1574 1839 1821 1909 Νύμφας
1856 1834 1952 1900 τὰς
2015 1840 2028 1904 Ῐ

260 1916 528 1991 Ἀχελῴου
546 1920 637 1972 καὶ
652 1924 816 1973 Πᾶνα
834 1917 1148 1990 τὸνἙρμοῦ
1173 1926 1388 1975 Λυσίου
1403 1927 1505 1975 τοῦ
1528 1920 1798 1990 Κεφάλου
1815 1915 1953 1988 πρὸς

265 1999 468 2071 λόγους
488 1999 643 2056 εἶναι.
680 1996 717 2071 ἢ
737 1998 903 2056 οὐδὲν
930 2003 1098 2071 λέγω,
1138 1999 1276 2056 ἀλλά
1306 2004 1397 2056 καὶ
1427 1999 1456 2056 ὁ
1487 2006 1697 2064 Λυσίας
1716 1997 1951 2069 ἀρχομε-
2016 1994 2028 2030 ³·-

265 2104 362 2147 νος
378 2088 480 2137 τοῦ
498 2084 768 2151 ἐρωτικοῦ
787 2079 1103 2152 ἠνάγκασεν
1123 2080 1265 2152 ἡμᾶς
1284 2081 1588 2154 ὑπολαβεῖν
1616 2079 1717 2136 τὸν
1737 2079 1950 2149 ’Ἑρωτα

206 2179 240 2219 Ε
267 2165 329 2220 ἕν
347 2186 398 2219 τι
414 2170 528 2219 τῶν
556 2160 767 2232 ὄντων,
806 2161 837 2219 ὂ
852 2161 1017 2228 αὐτὸς
1046 2164 1353 2235 ἐβουλήθη,
1388 2165 1478 2219 καὶ
1507 2161 1645 2234 πρὸς
1663 2168 1825 2217 τοῦτο
1845 2160 1949 2232 ἤδη

264 2245 674 2315 συνταξάμενος
710 2244 890 2300 πάντα
930 2243 1032 2300 τὸν
1066 2244 1305 2315 ὕστερον
1351 2244 1521 2315 λόγον
1562 2243 1949 2313 διεπερανατο;

263 2327 455 2398 βούλει
475 2327 643 2382 πάλιν
661 2324 993 2397 ἀναγνῶμεν
1010 2325 1113 2398 τὴν
1133 2325 1310 2398 ἀρχὴν
1330 2324 1533 2392 αὐτοῦς

407 2413 556 2463 ΦΑΙ.
617 2412 691 2463 Εἰ
722 2413 816 2463 σοί
849 2430 912 2479 γε
949 2412 1121 2464 δοκεῖ·
1161 2405 1191 2462 ὃ
1230 2411 1417 2478 μέντοι
1454 2412 1648 2478 ζητεῖς,
1691 2404 1794 2461 οὐκ
1834 2403 1947 2461 ἔστ’

265 2487 483 2544 αὐτόθι.

405 2574 529 2624 ΣΩ.
584 2570 748 2638 Λέγε,
767 2569 846 2625 ἵν’
867 2570 1093 2626 ἀκούσω
1112 2569 1286 2626 αὐτοῦ
1305 2574 1533 2626 ἐκείνου.
2014 2610 2016 2614 »

403 2656 604 2708 XLVII.
681 2656 832 2706 ΦΑΙ.
885 2653 1023 2720 Περὶ
1051 2653 1153 2722 μὲν
1172 2659 1284 2706 τῶν
1303 2654 1453 2722 ἐμῶν
1472 2648 1810 2721 πραγμάτων
1828 2650 1931 2701 επί-
2014 2712 2015 2716 ¹

264 2751 484 2802 στασαι,
520 2734 610 2788 καὶ
642 2730 714 2797 ὡς
742 2738 943 2803 νομίζω
973 2735 1277 2804 συμφέρειν
1304 2731 1435 2803 ἡμῖν
1468 2730 1680 2786 τούτων
1717 2727 1946 2797 γενομέ-

175 2832 407 2885 264νων,
430 2812 688 2886 ἀκήκοας.
728 2812 858 2879 ἀξιῶ
880 2814 938 2869 δὲ
957 2813 1030 2885 μὴ
1053 2813 1142 2869 διὰ
1165 2822 1327 2870 τοῦτο
1353 2812 1618 2881 ἀτυχῆσαι
1637 2803 1718 2864 ὧν
1737 2811 1942 2879 δέομαι,
2027 2860 2028 2863 ,
