2028 3198
914 0 974 19 -.3-
1007 0 1015 6 .

651 104 1237 155 ΠΑΡΜΕΝΙΔΗΣ.
1552 63 1557 67 ·
1720 100 1790 152 39

108 245 208 293 τοῦ
241 235 379 294 εἶναι
406 242 484 303 εἰς
510 237 570 292 τὸ
602 234 956 293 ἀπόλλυσθαι
975 236 1287 309 μεταβάλλῃ
1307 234 1342 307 ἢ
1362 238 1421 292 ἐκ
1439 241 1540 290 τοῦ
1558 233 1631 305 μὴ
1654 233 1791 290 εἶναι
1823 243 1902 287 157

109 323 185 383 εἰς
214 316 275 374 τὸ
304 324 625 389 γίγνεσθαι,
663 316 868 387 μεταξύ
894 327 1067 371 τινων
1094 317 1218 373 τότε
1247 323 1492 388 γίγνεται
1513 315 1791 387 κινήσεών

108 422 163 456 τε
183 401 274 455 καὶ
294 401 567 470 στάσεων,
587 400 679 454 καὶ
698 396 827 453 οὕτε
848 402 961 453 ἔστι
979 397 1102 452 τότε
1123 396 1252 453 οὕτε
1272 396 1375 453 οὐκ
1395 402 1535 469 ἔστι,
1557 395 1686 453 οὔτε
1705 402 1793 468 γί-

106 504 294 553 γνεται
311 480 440 539 οὔτε
458 481 790 547 άπόλλυται;
816 479 997 535 Ἕοικε
1015 486 1172 549 γοῦν.
1233 480 1388 534 Κατὰ
1410 477 1476 551 δὴ
1499 477 1598 534 τὸν
1618 476 1793 533 αὐτὸν

107 564 277 634 λόγον
294 565 382 620 καὶ
402 566 456 630 ἐξ
476 563 599 629 ἑνὸς
617 564 704 620 ἐπὶ
723 560 899 618 πολλὰ
922 559 1011 617 ἰὰν
1030 562 1121 616 καὶ
1141 563 1199 616 ἐκ
1219 567 1443 617 πολλῶν
1462 559 1554 632 ἐφ’
1579 563 1641 616 ἓν
1661 560 1790 616 οὔτε

112 647 171 700 ἓν
201 646 348 700 ἐστιν
378 643 506 700 οὔτε
525 645 730 714 πολλά,
768 643 896 699 οὔτε
915 647 1251 712 διακρίνεται
1270 643 1399 698 οὔτε
1422 649 1787 713 συγκρίνεται.

110 728 195 783 καὶ
227 729 280 793 ἐξ
301 725 500 797 ὁμοίου
519 728 604 782 ἐπὶ
625 725 893 796 ἀνόμοιον
911 726 1000 781 καὶ
1020 727 1072 790 ἐξ
1091 722 1360 794 ἀνομοίου
1383 725 1468 779 ἐπὶ
1488 722 1682 794 ὅμοιον
1700 723 1789 781 ἰὸν

112 806 235 864 οὔτε
267 807 465 880 ὅμοιον
485 807 613 864 οὔτε
634 805 928 878 ἀνόμοιον,
966 806 1094 863 οὔτε
1116 805 1486 877 ὁμοιούμενον
1505 805 1634 860 οὔτε
1653 805 1789 862 οἶνο-

109 891 460 961 μοιούμενον.
516 891 608 946 καὶ
636 892 695 946 ἐκ
724 895 962 960 σμικροῦ
983 890 1070 944 ἐπὶ
1089 891 1226 959 μέγα
1248 888 1338 943 καὶ
1358 889 1443 943 ἐπὶ
1465 895 1589 943 ἴσον
1608 889 1697 942 καὶ
1717 892 1792 952 εἰς
1822 893 1853 934 Β

110 971 177 1025 τὰ
208 972 424 1027 ἐναντία
453 970 544 1028 cdv
577 972 704 1027 οὔτε
737 968 975 1042 σμικρὸν
1005 969 1134 1026 οὔτε
1162 972 1300 1041 μέγα
1322 968 1452 1024 οὔτε
1472 977 1621 1040 ἴσον,
1662 968 1791 1025 οὔτε

110 1050 491 1125 αὐξανόμενον
519 1053 649 1110 οὔτε
680 1063 892 1125 φθῖνον
920 1052 1048 1109 οὔτε
1079 1052 1379 1122 ἰσούμενον
1412 1059 1495 1122 εἴη
1517 1050 1605 1106 ἄν.
1670 1051 1789 1107 Οὐκ

110 1138 267 1190 ἔοικε.
325 1141 507 1191 Ταῦτα
528 1135 596 1205 δὴ
618 1135 683 1191 τὰ
704 1137 1007 1207 παθήματα
1028 1133 1195 1190 πάντ’
1218 1130 1290 1189 ὅίν
1316 1134 1517 1205 πάσχοι
1535 1134 1596 1189 τό
1620 1136 1708 1206 ἕν,
1745 1140 1795 1190 εἰ

109 1221 273 1272 ἔστιν.
311 1224 439 1283 Πῶς
459 1217 510 1274 δ’
535 1220 633 1285 οὕς

249 1305 406 1356 xxu.
483 1307 550 1356 Τι’
568 1304 626 1355 δὲ
650 1313 761 1365 τοῖς
781 1301 967 1365 ἄλλοις
986 1299 1258 1370 προσήκοι
1277 1295 1348 1355 ἂν
1368 1298 1623 1370 πάσχειν,
1663 1301 1725 1354 ἓν
1745 1304 1796 1355 εἰ

107 1386 282 1453 ἔστιν,
320 1376 429 1451 ἆρα
461 1381 531 1438 οὐ
560 1386 851 1449 σκεπτεόν;
890 1385 1186 1437 Σκεπτέον.
1243 1384 1508 1452 Λέγωμεν
1528 1381 1596 1454 δή
1610 1424 1623 1451 ,
1662 1383 1723 1437 ἓν
1745 1386 1794 1437 εἰ

107 1466 247 1531 ἔστι,
267 1456 438 1519 τᾶλλα
458 1471 559 1518 τοῦ
579 1462 703 1528 ἑνὸς
722 1470 778 1519 τί
790 1462 890 1535 χρὴ
915 1467 1281 1530 πεπονθέναι;
1307 1467 1580 1535 Λέγωμεν.
1638 1461 1792 1519 Οὐκ-

106 1549 212 1598 οῦν
234 1546 455 1613 ἐπείπερ
474 1545 613 1600 ἄλλα
633 1552 734 1600 τοῦ
754 1548 876 1611 ἑνός
896 1549 1071 1614 ἐστιν,
1110 1546 1237 1601 οὔτε
1266 1545 1326 1600 τὸ
1358 1547 1420 1599 ἕν
1449 1547 1562 1599 ἐστι
1590 1538 1762 1600 τᾶλλα
1778 1565 1788 1576 ·

109 1624 176 1679 οὐ
195 1625 302 1695 γάρ
323 1622 395 1681 ἂν
413 1625 552 1682 ἅλλα
573 1634 675 1682 τοῦ
696 1626 819 1691 ἑνὸς
837 1622 923 1699 ἦν.
972 1627 1196 1698 Ὀρθῶς.
1250 1626 1397 1684 Οὐδὲ
1416 1626 1528 1699 μὴν
1547 1632 1796 1696 στέρεταί
1822 1635 1852 1678 G

106 1726 168 1774 γε
199 1706 515 1763 παντάπασι
540 1714 640 1763 τοῦ
671 1706 795 1773 ἑνὸς
813 1705 1011 1779 τᾶλλα,
1052 1707 1190 1766 ἀλλὰ
1210 1713 1416 1782 μετέχει
1437 1732 1527 1784 πῃ.
1583 1716 1672 1782 Πῇ
1693 1710 1787 1780 δή;

99 1783 214 1844 ’Ότι
243 1810 355 1845 που
382 1788 448 1844 τὰ
476 1789 614 1845 ἄλλα
644 1797 747 1846 τοῦ
776 1790 900 1856 ἑνὸς
928 1792 1093 1863 μόρια
1124 1797 1316 1864 ἔχοντα
1347 1793 1488 1850 ἄλλα
1524 1795 1698 1848 ἐστίν·
1744 1797 1794 1846 εἰ

107 1869 213 1940 γὰρ
233 1872 401 1943 μόρια
418 1871 494 1943 μὴ
518 1877 655 1943 ἔχοι,
686 1881 967 1940 παντελῶς
986 1871 1059 1930 ἂν
1078 1878 1139 1931 ἓν
1158 1883 1256 1946 εἴη.
1308 1873 1537 1946 Ὀρθῶς.
1594 1872 1789 1944 Μόρια

106 1955 170 2007 δέ
203 1974 263 2022 γε
278 1995 294 2022 ,
333 1957 543 2026 φαμέν,
582 1955 786 2010 τούτου
821 1958 969 2012 ἐστὶν
1006 1954 1038 2011 ὂ
1067 1953 1138 2012 ἂν
1168 1956 1304 2013 ὅλον
1331 1951 1382 2029 ᾗ.
1443 1959 1635 2028 Φαμὲν
1662 1957 1785 2026 γάρ.

97 2032 258 2091 Ἀλλὰ
279 2035 392 2107 μὴν
409 2037 471 2092 τό
490 2058 551 2107 γε
572 2036 706 2093 ὅλον
725 2040 786 2093 ἓν
806 2040 865 2094 έκ
886 2045 1108 2094 πολλῶν
1128 2037 1344 2111 ἀνάγκη
1365 2039 1504 2095 εἶναι
1517 2081 1531 2107 ‚
1551 2032 1622 2095 οὗ
1640 2043 1789 2094 ἔσται

104 2117 272 2188 μόρια
288 2118 355 2173 τὰ
376 2119 559 2189 μόρια.
611 2121 845 2176 ἕκαστον
861 2120 969 2191 γὰρ
988 2129 1101 2177 τῶν
1122 2128 1333 2192 μορίων
1352 2121 1421 2177 ού
1443 2127 1665 2176 πολλῶν
1682 2120 1789 2192 μό-

103 2219 228 2268 ριον
245 2199 346 2273 χρὴ
368 2200 507 2257 εἶναι
521 2245 535 2270 ,
557 2201 695 2258 ἀλλὰ
716 2201 867 2258 ὅλου.
903 2209 1033 2267 Πῶς
1055 2209 1245 2266 τοῦτο;
1282 2210 1359 2259 El'
1373 2226 1423 2258 τι
1443 2208 1663 2259 πολλῶν
1684 2202 1789 2274 μό-

103 2302 227 2348 ριον
247 2290 359 2353 εἰη,
396 2286 457 2339 ἐν
477 2281 557 2349 οἷς
576 2283 711 2340 αὐτὸ
736 2293 846 2355 εἰη,
878 2286 1079 2340 ἑαυτοῦ
1101 2306 1157 2339 τε
1178 2285 1245 2356 δή
1267 2306 1376 2339 που
1395 2283 1594 2356 μόριον
1616 2290 1783 2356 ἔσται,
1815 2297 1851 2339 D

103 2360 138 2414 ὅ
154 2364 303 2417 ἐστιν
321 2361 630 2436 ἀδύνατον,
661 2369 751 2422 καὶ
770 2373 883 2421 τῶν
901 2366 1085 2422 ἄλλων
1105 2364 1173 2438 δὴ
1193 2365 1315 2432 ἑνός
1334 2367 1598 2438 ἑκάστου,
1631 2374 1785 2436 εἴπερ

103 2444 194 2498 καὶ
211 2445 448 2501 πάντων.
485 2445 607 2511 ἑνὸς
623 2446 729 2517 γὰρ
745 2446 819 2517 μὴ
841 2444 909 2502 ὂν
927 2449 1142 2518 μόριον,
1162 2450 1310 2521 πλὴν
1328 2449 1532 2506 τούτου
1551 2455 1664 2505 τῶν
1685 2447 1785 2504 ἅλ-

105 2532 219 2581 λων
238 2529 386 2581 ἔσται
399 2568 414 2595 ,
452 2529 540 2583 καὶ
561 2526 736 2593 οὕτως
755 2526 877 2593 ἑνὸς
897 2530 1131 2586 ἑκάστου
1148 2530 1252 2587 οὐκ
1274 2536 1425 2588 ἔσται
1444 2532 1669 2603 μόριον,
1708 2530 1780 2603 μὴ

102 2601 173 2661 ὄν
193 2607 249 2662 δὲ
269 2609 467 2677 μόριον
488 2609 722 2664 ἑκάστου
739 2608 971 2677 οὐδενὸς
998 2618 1112 2667 τῶν
1141 2619 1364 2669 πολλῶν
1393 2618 1556 2669 ἔσται.
1613 2617 1783 2684 μηδε-

102 2686 197 2753 νός
218 2688 274 2744 δὲ
293 2685 326 2746 ὂ
332 2713 363 2744 ν
381 2689 609 2745 πάντων
628 2691 843 2747 τούτων
859 2714 909 2748 τι
930 2692 1066 2750 εἶναι
1080 2738 1094 2765 ,
1117 2689 1198 2751 (ὅν
1217 2695 1446 2760 οὐδενὸς
1466 2693 1632 2750 οὐδέν
1651 2698 1779 2765 ἐστι,

101 2771 188 2825 καὶ
210 2770 412 2840 μόριον
427 2774 516 2828 καὶ
537 2773 673 2828 ἄλλο
696 2771 885 2830 ὁτιοῦν
910 2773 1193 2833 ἀδύνατον
1222 2777 1376 2833 εἶναι.
1429 2783 1696 2834 Φαίνεταί
1716 2798 1779 2848 γε
