2028 3198
145 1175 229 1219 223

189 2565 222 2607 C

262 123 366 174 200
878 125 1354 175 ΠΛΑΤΩΝΟΣ
1500 93 1506 98 ’
1887 133 1945 180 52

263 262 550 326 κατεκλίνη
573 260 631 311 ἐν
650 261 799 330 μεσῳ
820 258 957 327 ἐμοῦ
975 279 1033 313 τε
1052 260 1142 314 καὶ
1171 266 1302 329 σοῦ,
1339 263 1431 315 ἵνα
1460 261 1625 330 χωρὶς
1653 258 1793 331 ἡμᾶς
1823 264 1944 316 δια-
2015 328 2020 331 Π

266 340 419 410 λάβῃ.
459 337 626 394 οὐδὲν
658 342 761 393 ούν
788 342 956 394 πλέον
986 337 1134 412 αὐτῷ
1174 343 1348 412 ἔσται,
1393 338 1512 397 αλλ’
1557 339 1661 412 ἐγώ
1700 361 1846 411 παρα
1884 346 1944 398 σὲ
2023 351 2028 385 ἶ

266 419 450 475 ἐλθών
469 420 948 490 κατακλινήσομαι.
1022 396 1189 476 Πάνυ
1216 444 1304 494 γε,
1341 423 1515 493 φάναι
1533 421 1632 478 τὸν
1652 423 1942 494 Σωκράτη,
2024 487 2026 489 ,

266 506 431 571 δεῦρο
469 499 730 557 ὑποκάτω
776 506 912 572 ἐμοῦ
949 510 1298 559 κατακλίνου.
1365 498 1429 560 Ὦ
1465 511 1604 576 Ζεῦ,
1641 511 1812 560 εἰπεῖν
1847 503 1944 560 τὸν
2021 504 2028 566 ,ἶ

259 583 634 655 Ἀλκιβιάδην,
671 581 758 640 οἷα
795 578 868 639 αὖ
902 585 1092 654 πάσχω
1130 583 1238 640 ὑπὸ
1268 593 1370 641 τοῦ
1406 585 1732 657 ἀνθρώπου.
1775 590 1949 641 οἴεταί
2020 579 2025 618 2-

265 689 373 737 μου
403 670 520 722 δεῖν
547 673 793 739 πανταχῇ
821 678 1101 737 περιεῖναι.
1125 665 1245 722 ἀλλ’
1283 672 1331 723 εἰ
1356 667 1430 738 μή
1450 690 1501 722 τι
1528 667 1682 737 ἄλλο,
1722 661 1765 722 οἷ
1794 676 1943 723 θαυ-

264 751 451 821 μάσιε,
489 753 549 806 ἐν
578 754 723 824 μέσῳ
754 747 912 821 ἡμῶν
939 756 1003 808 ἕα
1033 748 1322 820 Ἀγάθωνα
1350 760 1724 807 κατακεῖσθαι.
1796 749 1938 807 Ἀλλ’
2022 818 2028 821 ᾖ

263 832 568 902 ἀδύνατον,
609 832 784 906 φάναι
812 832 910 889 τὸν
937 833 1228 904 Σωκράτη.
1266 834 1336 888 σὺ
1361 834 1462 904 μὲν
1490 833 1596 904 γὰρ
1625 833 1715 904 ἐμὲ
1744 834 1943 906 ἐπῄνε*
2010 839 2028 892 ’ἰ

264 929 388 985 σας,
417 917 501 968 δεῖ
517 911 564 968 δ’
595 915 687 983 ἐμὲ
706 908 781 968 αὖ
799 915 896 969 τὸν
913 917 1000 970 ἐπὶ
1020 914 1168 980 δεξιὰ
1187 918 1445 971 ἐπαινεῖν.
1483 913 1582 970 ἐάν
1601 908 1707 970 οὖν
1725 912 1835 970 ὑπὸ
1857 915 1942 969 σοὶ
2022 904 2024 907 V

263 1001 560 1069 κατακλινῇ
583 993 867 1067 Ἀγάθων,
905 995 973 1051 οὐ
1012 997 1079 1068 δή
1109 1019 1220 1053 που
1252 998 1344 1069 ἐμὲ
1382 997 1549 1052 πάλιν
1584 999 1939 1066 ἐπαινέσεται,

262 1083 393 1147 πρὶν
423 1077 519 1134 ὑπ’
553 1082 690 1149 ἐμοῦ
710 1085 922 1149 μᾶλλον
946 1083 1322 1149 ἐπαινεθῆναι.
1354 1077 1475 1134 ἀλλ’
1511 1084 1704 1149 ἔασον,
1743 1071 1788 1133 ὦ
1820 1081 1938 1132 δαι-

262 1161 443 1232 μόνιε,
484 1163 575 1216 καὶ
594 1158 667 1232 μὴ
690 1160 983 1232 φθονήσῃς
1001 1166 1075 1232 τῷ
1096 1167 1355 1230 μειρακίῳ
1377 1159 1464 1215 ὑπ’
1486 1163 1623 1230 ἐμοῦ
1641 1161 1936 1229 ἐπαινεθῆ-

262 1265 376 1297 ναι·
413 1240 626 1311 καὶγὰρ
648 1242 797 1296 πάνυ
818 1245 1073 1312 ἐπιθυμῶ
1101 1240 1273 1298 αὐτὸν
1288 1242 1634 1312 ἐγκωμιάσαι.
1707 1239 1813 1296 Ἰού
1835 1241 1940 1310 ἰού,

262 1326 433 1393 φάναι
462 1325 559 1379 τὸν
584 1322 901 1394 Ἀγάθωνα,
934 1321 1272 1394 Ἀλκιβιάδη,
1315 1321 1418 1378 οὐκ
1443 1321 1567 1379 ἐσθ’
1595 1322 1742 1388 ὅπως
1761 1317 1832 1378 ἄν
1849 1323 1941 1377 ἐν-

258 1407 401 1463 θάδε
422 1413 690 1477 μείναιμι,
722 1402 861 1461 ἄλλα
882 1404 1086 1469 παντὸς
1104 1412 1315 1475 μᾶλλον
1334 1406 1827 1476 μεταναστήσομαι,
1849 1406 1941 1458 ἵνα

263 1487 364 1545 ὑπὸ
397 1488 739 1561 Σωκράτους
780 1489 1072 1543 ἐπαινεθῶ.
1156 1494 1340 1542 Ταῦτα
1377 1490 1587 1557 ἐκεῖνα,
1631 1487 1806 1557 φάναι
1841 1483 1939 1540 τὸν
2012 1515 2020 1526 >-

255 1570 628 1641 Ἀλκιβιάδην,
667 1568 732 1625 τὰ
754 1570 1016 1625 εἰωθότα·
1051 1569 1389 1640 Σωκράτους
1412 1569 1685 1640 παρόντος
1704 1574 1817 1623 τῶν
1837 1589 1938 1622 κα-
2008 1631 2010 1634 ¹

260 1660 374 1710 λῶν
410 1660 738 1725 μεταλαβεῖν
773 1651 1054 1709 ἀδύνατον
1092 1652 1255 1724 ἄλλῳ.
1303 1653 1395 1707 καὶ
1434 1658 1541 1706 νῦν
1579 1648 1651 1715 ὡς
1688 1648 1939 1719 εὐπόρως

258 1738 348 1792 καὶ
366 1734 613 1791 πιθανὸν
634 1735 803 1804 λόγον
824 1728 1003 1804 εὗρεν,
1033 1732 1171 1789 ὥστε
1192 1732 1315 1803 παρ’
1336 1735 1512 1806 ἑαυτῷ
1532 1733 1751 1787 τουτονὶ
1771 1752 1927 1785 κατα-

257 1825 490 1871 κεῖσθαι.

396 1902 624 1952 ΧΧΧΙΧ.
705 1894 817 1949 Τὸν
835 1896 938 1965 μὲν
957 1891 1060 1949 οὖν
1073 1894 1368 1963 Ἀγάθωνα
1383 1893 1456 1958 ὠς
1474 1892 1939 1961 κατακεισόμενον
2018 1927 2020 1931 >

255 1978 402 2049 παρα
431 1983 506 2051 τῷ
537 1975 827 2046 Σωκράτει
861 1975 1220 2031 ἀνίστασθαι·
1262 1977 1520 2044 ἐξαίφνης
1559 1974 1618 2028 δὲ
1647 1970 1938 2042 κωμαστὰς
2023 1972 2028 1987 ’

253 2059 412 2131 ἥκειν
433 2059 791 2129 παμπόλλους
810 2059 896 2113 ἐπὶ
916 2055 1011 2120 τὰς
1026 2057 1225 2126 θύρας,
1241 2058 1331 2110 καὶ
1349 2054 1704 2125 ἐπιτυχόντας
1725 2052 1936 2125 άνεῳγ-

253 2144 444 2212 μέναις
480 2139 717 2206 ἐξιόντος
747 2138 896 2204 τινὸς
927 2144 1001 2203 εἰς
1028 2138 1088 2194 τό
1119 2137 1378 2208 ἄντικρυς
1415 2136 1753 2205 πορεύεσθαι
1787 2132 1935 2205 παρὰ

255 2229 400 2293 σφᾶς
419 2225 509 2278 καὶ
527 2227 974 2292 κατακλίνεσθαι,
996 2223 1087 2277 καὶ
1105 2220 1364 2292 θορύβου
1384 2217 1553 2290 μεστὰ
1575 2219 1757 2274 πάντα
1777 2215 1933 2281 εἶναι,

254 2308 343 2360 καὶ
366 2305 550 2361 οὐκέτι
569 2308 629 2361 ἐν
655 2305 843 2379 κόσμῳ
865 2302 1054 2360 οὐδενὶ
1083 2301 1494 2373 ἀναγκάζεσθαι
1514 2306 1693 2357 πίνειν
1712 2299 1934 2369 πάμπο-

254 2396 360 2443 λυν
384 2387 554 2443 οἶνον.
574 2386 674 2443 τὸν
693 2387 795 2458 μὲν
812 2381 919 2443 οὖν
940 2386 1297 2457 Ἐρυξίμαχον
1326 2386 1419 2440 καὶ
1447 2382 1545 2439 τὸν
1578 2385 1826 2450 Φαῖδρον
1843 2379 1935 2435 καὶ

255 2470 457 2535 αλλους
474 2468 628 2534 τινας
647 2469 800 2541 ἔφη“
773 2493 801 2526 ο
822 2468 1205 2542 Ἀριστόδημος
1226 2474 1476 2567 οἴχεσθαι
1505 2463 1791 2531 ἀπιόντας,
1828 2463 1855 2516 ἓ
1874 2461 1933 2516 δε
2011 2483 2023 2556 }

254 2549 437 2608 ὕπνον
455 2557 674 2623 λαβεῖν,
714 2555 805 2608 καὶ
836 2555 1210 2622 καταδαρθεῖν
1229 2550 1380 2605 πάνυ
1399 2548 1563 2617 πολύ,
1584 2545 1678 2602 ἅτε
1703 2563 1931 2640 μακρων
2003 2552 2022 2569 ⁴¹

252 2657 364 2690 των
383 2655 604 2689 νυκτων
623 2632 836 2705 οὐσῶν,
877 2636 1193 2705 ἐξεγρέσθαι
1222 2634 1280 2688 δὲ
1299 2630 1438 2702 πρὸς
1455 2628 1664 2700 ἡμέραν
1680 2623 1782 2699 ἤδη
1804 2621 1932 2678 άλε-
2005 2643 2021 2707 ,ᾗ

253 2714 542 2788 κτρυόνων
564 2713 833 2790 ᾀδόντων,
854 2716 1209 2786 ἐξεγρόμενος
1230 2713 1290 2770 δε
1311 2715 1447 2767 ἰδεῖν
1464 2730 1592 2772 τους
1610 2706 1711 2777 μὲν
1730 2704 1932 2769 ἄλλους

252 2798 636 2862 καθεύδοντας
665 2798 754 2852 καὶ
786 2801 1130 2868 οἰχομένους,
1173 2795 1462 2865 Ἀγάθωνα
1483 2790 1540 2845 δὲ
1567 2789 1658 2843 καὶ
1685 2786 1932 2856 Ἀριστο-
