2028 3198
256 163 363 216 272
865 165 1338 214 ΠΛΑΤΩΝοΣ
1405 227 1409 230 ‚
1915 172 1943 214 2

262 302 622 365 Ξανθίππου,
653 294 721 352 ὃν
741 294 769 352 ὁ
788 297 966 369 πατὴρ
990 299 1285 367 ἐπίτροπον
1302 302 1556 355 κατέλιπε
1576 307 1665 356 σοι’
1681 323 1738 356 τε
1757 303 1940 376 καὶτῷ

264 379 484 454 ἀδελφῷ
501 400 512 410 ·
551 376 612 443 ὃς
643 376 711 434 οὐ
738 379 916 450 μόνον
946 382 1007 435 ἐν
1025 384 1155 451 τῇδε
1173 388 1242 451 τῇ
1259 381 1414 436 πόλει
1432 381 1663 437 δύναται
1682 384 1938 454 πράττειν

263 461 296 517 δ’
313 484 365 517 τι
382 458 455 517 ἂν
472 461 765 534 βούληται,
787 460 900 518 ἀλλ’
923 465 983 518 ἐν
1000 464 1148 535 πάσῃ
1171 471 1238 536 τῇ
1253 462 1466 519 Ἐλλάδι
1483 465 1571 519 καὶ
1590 471 1703 519 τῶν
1722 466 1937 536 βαρβά-

265 565 381 612 ρων
410 546 471 599 ἐν
499 551 722 609 πολλοῖς
750 546 840 600 καὶ
872 544 1128 615 μεγάλοις
1155 548 1351 615 γένεσι.
1421 546 1726 616 προσθήσω
1760 547 1817 601 δὲ
1845 549 1935 602 καὶ

189 641 219 684 C
267 623 351 680 ὅτι
369 631 483 680 τῶν
499 632 807 682 πλουσίων·
854 630 1031 691 δοκεῖς
1060 631 1121 681 δέ
1149 648 1242 697 μοι
1269 629 1354 682 ἐπὶ
1382 626 1558 698 τούτῳ
1589 625 1781 697 ἥκιστα
1802 629 1940 698 μέγα

262 719 510 776 φρονεῖν.
572 705 711 762 κατὰ
744 708 924 762 πάντα
956 707 1022 777 δὴ
1054 715 1225 763 ταῦτα
1247 708 1318 763 σύ
1337 730 1395 763 τε
1422 709 1938 780 μεγαλαυχούμενος

261 789 603 859 κεκράτηκας
629 795 742 845 τῶν
774 792 1023 860 ἐραστῶν
1055 793 1259 845 ἐκεῖνοί
1282 811 1340 844 τε
1369 787 1755 859 ὑποδεέστεροι
1783 790 1938 855 ὄντες

263 872 681 942 ἐκρατήθησαν,
720 876 819 927 καί
832 887 893 926 σε
911 869 1059 926 ταῦτ’
1084 870 1153 926 ού
1171 874 1410 943 λέληθεν
1425 892 1436 903 ·
1481 871 1621 926 ὅθεν
1642 869 1707 942 δὴ
1729 865 1793 926 εὖ
1816 869 1939 926 οἴδα

263 951 349 1007 ὅτι
367 952 701 1023 θαυμάζεις,
733 958 789 1008 τί
815 953 1214 1023 διανοούμενός
1240 973 1372 1008 ποτε
1402 952 1505 1009 οὐκ
1525 952 1938 1023 ἀπαλλάττομαι

262 1039 362 1089 τοῦ
387 1037 603 1104 ἔρωτος,
637 1037 726 1089 καὶ
759 1031 930 1105 ἥντιν’
952 1039 1091 1104 ἔχων
1113 1036 1305 1091 ἐλπίδα
1334 1031 1594 1121 ὑπομένω
1615 1041 1727 1089 τεᾶν
1756 1032 1939 1090 άλλων

262 1115 639 1186 πεφευγότων.

403 1203 461 1252 Π.
535 1204 652 1253 ΑΛ.
706 1198 816 1252 Καὶ
845 1204 973 1260 ἴσως
1001 1219 1091 1267 γε,
1133 1191 1178 1252 ὠ
1197 1199 1494 1268 Σώκρατες
1509 1240 1522 1264 ,
1565 1197 1667 1254 ούκ
1691 1197 1832 1254 οἷσθ’
1855 1198 1940 1254 ότι

210 1291 243 1331 D
269 1279 507 1351 σμικρόν
527 1302 594 1351 με
613 1283 808 1350 ἔφθης.
856 1277 963 1349 ἐγώ
985 1279 1091 1349 γάρ
1111 1301 1195 1335 τοι
1214 1284 1275 1335 ἐν
1293 1287 1376 1355 νῷ
1396 1280 1543 1351 εἶχον
1562 1281 1830 1351 πρότερός
1849 1300 1937 1338 σοι

263 1360 599 1432 προσελθων
618 1359 759 1417 αὐτὰ
780 1359 934 1417 ταῦτ’
961 1364 1202 1433 ἐρέσθαι,
1223 1369 1279 1418 τί
1295 1383 1424 1418 ποτε
1444 1362 1632 1434 βούλει
1652 1365 1744 1419 καὶ
1766 1369 1842 1429 εἰς
1858 1370 1940 1420 τί-

261 1466 332 1498 να
353 1446 541 1499 ἐλπίδα
561 1446 780 1515 βλέπων
793 1447 1027 1514 ἐνοχλεῖς
1046 1467 1130 1515 με,
1145 1442 1228 1500 ἀεὶ
1246 1444 1389 1500 ὅπου
1411 1442 1480 1499 ὅὶν
1497 1439 1542 1501 οἷ
1554 1447 1938 1516 ἐπιμελέστατα

262 1525 480 1593 παρεόν·
503 1531 577 1600 τῷ
601 1524 720 1580 ὄντι
739 1524 843 1595 γάρ
867 1527 1154 1596 θαυμάζω,
1177 1525 1209 1582 ὅ
1226 1532 1283 1582 τί
1297 1526 1408 1582 ποτ’
1423 1529 1534 1583 ἐστὶ
1555 1525 1615 1582 τὸ
1638 1526 1741 1582 σὸν
1759 1533 1938 1597 πρᾶγ-

261 1630 336 1677 μα
351 1650 365 1676 ,
389 1609 478 1663 καὶ
497 1604 668 1679 ἥδιστ’
691 1604 762 1662 ἂν
783 1613 1083 1680 πυθοίμην.

400 1694 525 1744 ΣΩ.
575 1687 826 1745 Ἀκούσει
844 1689 945 1760 μὲν
970 1689 1077 1762 ἄρα
1100 1712 1226 1761 μου,
1250 1688 1324 1755 ὥς
1342 1688 1402 1746 τό
1426 1690 1586 1759 εἰκός,
1609 1691 1933 1762 προθύμως,
2007 1709 2028 1744 .·

259 1777 428 1841 εἴπερ,
451 1768 524 1836 ὡς
546 1775 680 1842 ἔφης
694 1814 708 1841 ,
738 1775 1025 1843 ἐπιθυμεῖς
1047 1777 1250 1829 εἰδέναι
1271 1775 1380 1843 [καὶ
1399 1772 1654 1842 ἀκοῦσαι]
1675 1778 1730 1828 τί
1746 1777 1936 1828 διανο-

259 1856 451 1922 οῦμαι,
476 1856 567 1907 καὶ
589 1850 660 1917 ὡς
681 1851 1040 1927 ἀκουσομένῳ
1063 1857 1154 1910 καὶ
1174 1863 1562 1926 περιμενοῦντι
1580 1860 1737 1926 λέγω.

403 1938 517 1988 ΑΛ.
573 1933 738 1988 Πάνυ
756 1935 859 2004 μὲν
878 1928 981 1989 οὖν
997 1957 1007 1966 ·
1046 1935 1184 1992 ἀλλά
1207 1941 1344 2007 λέγε.

174 2027 206 2068 Ε
404 2018 527 2070 ΣΩ.
567 2012 702 2085 Ὅρα
725 2015 820 2086 δή·
858 2011 928 2070 ού
946 2016 1052 2085 γάρ
1073 2038 1153 2070 τοι
1176 2025 1257 2087 εἴη
1279 2014 1350 2071 ἀν
1373 2019 1704 2088 θαυμαστὸν
1725 2023 1797 2087 εἰ,
1831 2017 1935 2082 ὤς-

259 2115 360 2165 περ
381 2098 473 2153 καὶ
490 2095 650 2167 μόγις
665 2093 932 2168 ἠρξάμην,
953 2096 1099 2152 οὕτω
1120 2098 1278 2168 μόγις
1297 2101 1388 2155 καὶ
1406 2106 1685 2172 παυσαίμη
1694 2123 1740 2155 ν.
2017 2119 2028 2176 '5

399 2184 517 2234 AA.
564 2172 806 2248 Ὦ’γαθὲ
826 2181 972 2248 λέγε·
1012 2178 1321 2250 ἀκούσομαι
1339 2181 1460 2250 γάρ.

398 2263 523 2315 ΣΩι.
573 2260 813 2315 Λεκτέον
842 2256 912 2315 ἂν
941 2267 1039 2332 εἴη.
1090 2261 1330 2331 χαλεπὸν
1357 2263 1459 2332 μὲν
1479 2255 1584 2318 οὖν
1603 2260 1739 2331 πρὸς
1758 2260 1933 2332 ἄνδρα

292 2339 361 2410 ύχ
378 2338 585 2411 ἥττονα
603 2343 853 2410 ἐραστῶν
871 2345 1290 2412 προσφέρεσθαι
1309 2344 1533 2415 ἐραστῇ,
1566 2341 1712 2413 ὅμως
1732 2342 1789 2398 δὲ
1807 2347 1935 2396 τολ-

257 2425 460 2494 μητέον
480 2423 692 2494 φράσαι
722 2422 824 2495 τὴν
843 2423 981 2495 ἐμὴν
1001 2424 1268 2479 διάνοιαν.
1319 2423 1423 2494 ἐγώ
1443 2424 1549 2494 γάρ
1566 2467 1579 2492 ,
1603 2417 1646 2478 ὦ
1662 2422 1934 2494 Ἀλκιβιά-

260 2507 325 2575 δη
341 2547 355 2572 ,
389 2507 558 2575 εἰμέν
578 2523 640 2559 σε
672 2504 864 2575 ἐώρων
894 2503 929 2560 δι’
948 2512 1057 2562 νῦν
1077 2505 1143 2577 δὴ
1179 2510 1415 2578 διῆλθον
1434 2504 1734 2576 ἀγαπῶντά
1752 2527 1810 2559 τε
1842 2506 1932 2559 καὶ

259 2584 530 2687 οἰόμενον,
537 2588 697 2641 δειν’
672 2609 731 2641 εν
750 2587 964 2652 τούτοις
983 2593 1347 2658 καταβιωναι,
1368 2587 1537 2642 πάλαι
1556 2582 1630 2642 ἂν
1650 2584 1932 2656 ἀπηλλάγ-

147 2689 226 2731 105
261 2689 370 2766 μην
389 2674 490 2722 τοῦ
508 2671 735 2738 έρωτος,
770 2666 842 2732 ω’ς
870 2691 932 2739 γε
954 2666 1067 2740 δὴ’
1041 2669 1281 2740 εμαυτόν
1310 2676 1514 2724 πείθω·
1552 2674 1660 2723 νῦν
1689 2666 1797 2720 δὲ
1775 2667 1931 2736 ε’τερα

257 2750 330 2803 αὐ
350 2749 709 2822 κατηγορήσω
732 2751 1071 2822 διανοήματα
1088 2750 1156 2807 σα
1175 2750 1314 2821 πρὸς
1331 2749 1502 2806 αὐτὸν
1518 2751 1596 2817 σέ,
1610 2770 1652 2803 ω
1673 2749 1763 2803 καὶ
1782 2747 1932 2817 γνω’-

255 2847 366 2900 σει,
388 2828 473 2885 ότι
518 2834 805 2902 προσέχων
827 2835 890 2902 γε’
926 2850 1013 2887 σοι
1039 2831 1137 2888 τὸν
1169 2839 1311 2888 νοῦν
1341 2834 1692 2886 διατετέλεκα.
1756 2833 1931 2895 δοκεῖς

2019 1403 2028 1471 d
