2028 3198
1246 31 1265 57 ἱ

223 178 292 229 62
822 179 1295 228 ΠΛΑΤΩΝΟὲ

366 319 461 370 ΦΙ.
514 312 679 367 Πάνυ
697 315 798 382 μὲν
819 305 939 367 οὖν.

364 400 487 451 ΣΩ.
566 391 733 449 Τοῦτ’
779 391 914 449 αὐτὸ
963 399 1155 450 τοίνυν
1201 392 1340 466 ἡμᾶς
1386 393 1414 450 ὁ
1454 395 1706 465 πρόσθεν
1742 395 1904 465 λόγος

222 478 452 547 ἀπαιτεῖ,
475 483 590 541 πῶς
609 481 760 532 ἔστιν
779 477 841 532 ἓν
858 479 949 531 καὶ
968 478 1144 532 πολλὰ
1164 475 1350 532 αὐτῶν
1367 478 1655 548 ἑκάτερον,
1679 479 1767 533 καὶ
1788 484 1902 541 πῶς

139 571 191 615 19
219 559 292 631 μὴ
316 559 516 629 ἄπειρα
537 558 740 628 εὐθύς,
775 557 917 615 άλλά
946 558 1073 614 τινά
1104 579 1236 613 ποτε
1257 558 1504 629 άριθμὸν
1523 561 1784 630 ἑκάτερον
1806 564 1899 630 ἔμ-

222 650 475 713 προσθεν
503 643 756 711 κέκτηται
785 647 886 695 τοῦ
913 640 1111 710 ἄπειρα
1142 639 1330 695 αὐτῶν
1358 643 1558 696 ἕκαστα
1587 645 1900 713 γεγονέναι;

358 727 529 779 ΠΡΩ.
591 720 712 778 Οὐκ
734 727 810 787 εἰς
829 723 1050 793 φαῦλόν
1069 745 1131 792 γε
1151 724 1427 793 ἐρώτημα,
1463 717 1507 779 ῶ
1529 730 1760 794 Φίληβε,
1795 722 1898 779 οὐκ

220 803 327 861 οἶδ’
360 805 552 861 ὅντινα
581 806 791 875 τρόπον
819 806 1007 878 κύκλῳ
1040 825 1154 869 πως
1183 805 1534 876 περιαγαγών
1562 802 1704 875 ἡμᾶς
1742 807 1900 876 ἐμβέ-

219 895 388 961 βληκε
407 888 727 959 Σωκράτης,
749 889 839 943 καὶ
859 887 1054 943 σκόπει
1072 886 1138 958 δὴ
1160 886 1388 958 πότερος
1406 885 1565 958 ἡμῶν
1582 885 1900 955 άποκρινεῑ-

218 992 305 1026 ται
324 970 385 1025 τὸ
408 977 516 1026 νῦν
536 969 910 1039 ἐρωτώμενον.
931 977 1062 1034 ἴσως
1084 968 1150 1041 δὴ
1172 978 1391 1040 γελοῖον
1414 969 1474 1025 τὸ
1498 969 1585 1040 ἐμὲ
1604 976 1703 1024 τοῦ
1726 970 1899 1039 λόγου

219 1053 479 1123 διάδοχον
510 1058 789 1115 παντελῶς
824 1050 1143 1107 ὑποστάντα
1181 1051 1271 1107 διὰ
1306 1051 1366 1108 τὸ
1406 1050 1478 1123 μὴ
1519 1051 1800 1107 δύνασθαι
1835 1050 1895 1106 τὸ

218 1141 327 1189 νῦν
359 1136 639 1205 ἐρωτηθὲν
670 1132 1081 1202 άποκρίνασθαι
1118 1138 1203 1190 σοὶ
1233 1135 1401 1189 πάλιν
1428 1141 1591 1188 τοῦτο
1621 1132 1895 1204 προστάτ-

158 1233 190 1272 Β
221 1238 362 1272 τειν·
400 1215 748 1286 γελοιότερον
778 1214 830 1270 δ’
862 1215 1011 1286 οἶμαι
1037 1215 1181 1272 πολὺ
1211 1214 1272 1272 τὸ
1298 1220 1599 1287 μηδέτερον
1617 1214 1775 1287 ἡμῶν
1797 1215 1897 1269 δυ’-Δ

214 1307 447 1355 νασθαι·
489 1298 681 1354 σκόπει
713 1299 779 1369 δὴ
812 1303 866 1353 τί
893 1299 1185 1369 δράσομεν.
1225 1301 1342 1367 εἰδη
1373 1298 1478 1368 γάρ
1513 1320 1606 1368 μοι
1625 1302 1775 1353 δοκεῖ
1790 1303 1898 1352 νῦν

214 1386 426 1454 ἐρωτᾷν
443 1379 648 1452 ἡδονῆς
673 1379 819 1451 ἡμᾶς
847 1382 1175 1450 Σωκράτης,
1216 1379 1314 1435 εἴτ’
1352 1383 1500 1435 ἔστιν
1532 1388 1637 1436 εἴτε
1668 1379 1768 1450 μή,
1806 1381 1896 1434 καὶ

213 1461 395 1518 ὁπόσα
433 1465 543 1517 ἐστὶ
578 1464 669 1518 καὶ
705 1461 891 1518 ὁποῖα
931 1469 1028 1531 τῆς
1054 1462 1106 1517 τ’
1141 1457 1214 1517 αὗ
1244 1463 1567 1534 φρονήσεως
1597 1465 1721 1530 πέρι
1757 1460 1892 1517 κατὰ

213 1543 385 1600 ταύτα
408 1543 680 1610 ωσαύτως.

355 1633 480 1683 ΣΩ.
529 1625 896 1698 Ἀληθέστατα
926 1631 1126 1696 λέγεις,
1172 1622 1215 1683 ῶ
1246 1639 1348 1683 παῖ
1369 1633 1640 1683 Καλλίου·
1679 1624 1751 1697 μὴ
1785 1623 1892 1695 γὰρ

215 1710 515 1780 δυνάμενοι
544 1716 706 1764 τοῦτο
738 1709 875 1765 κατα
914 1709 1117 1774 παντὸς
1149 1707 1273 1773 ἑνὸς
1300 1710 1391 1764 καὶ
1424 1706 1620 1779 ὁμοίου
1649 1710 1740 1763 καὶ
1758 1705 1891 1762 ταύ-

213 1798 314 1846 τοῦ
346 1796 490 1864 δρᾷν
518 1793 609 1846 καὶ
638 1799 740 1846 τοῦ
770 1794 1049 1861 ἐναντίου,
1093 1790 1166 1856 ῶς
1195 1790 1222 1845 ὁ
1255 1790 1557 1859 παρελθών
1578 1790 1740 1860 λόγος
1761 1789 1891 1859 ἐμή-

213 1890 412 1943 νυσεν,
453 1871 635 1937 οὐδεὶς
667 1878 744 1937 εἰς
773 1870 937 1928 οὐδὲν
968 1871 1198 1936 οὐδενὸς
1217 1869 1289 1926 ἂν
1317 1871 1476 1942 ἡμῶν
1506 1870 1768 1927 οὐδέποτε
1798 1873 1891 1940 γέ-

214 1977 364 2011 νοιτο
385 1955 546 2020 ἄξιος.

149 2048 180 2090 C
350 2045 518 2095 ΠΡΩ.
568 2035 783 2108 Σχεδόν
819 2042 997 2092 ἔοικεν
1035 2034 1237 2105 οὕτως,
1281 2028 1325 2089 ῶ
1363 2033 1683 2102 Σώκρατες,
1723 2037 1887 2102 ἔχειν·

211 2118 350 2176 ἀλλὰ
386 2120 558 2176 καλὸν
595 2119 695 2189 μὲν
726 2117 786 2174 τὸ
821 2119 1105 2189 ξύμπαντα
1135 2116 1467 2187 γιγνώσκειν
1503 2123 1581 2187 τῷ
1616 2115 1884 2187 σώφρονι,

213 2201 468 2271 δεύτερος
500 2200 552 2256 δ’
586 2200 726 2256 εἶναι
754 2207 926 2265 πλοῦς
946 2197 1183 2269 δοκεϊμὴ
1211 2197 1517 2253 λανθάνειν
1537 2196 1723 2254 αὐτόν.
1746 2209 1798 2254 τί
1817 2199 1884 2269 δή

211 2305 304 2353 μοι
334 2289 497 2337 τοῦτο
524 2291 732 2353 εἴρηται
753 2281 817 2337 τὰ
839 2290 973 2348 νῦν;
1008 2281 1114 2351 ἐγώ
1135 2298 1221 2335 σοι
1242 2280 1454 2351 φράσω.
1477 2278 1548 2334 σύ
1570 2279 1734 2350 τήνδε
1755 2278 1886 2350 ἡμῖν

210 2364 311 2435 τὴν
331 2369 661 2432 συνουσίαν,
685 2358 729 2418 ὦ
745 2365 1066 2434 Σώκρατες,
1096 2366 1371 2427 ἐπέδωκας
1388 2369 1523 2417 πᾶσι
1541 2366 1631 2417 καὶ
1651 2362 1886 2417 σεαυτὸν

208 2444 348 2514 πρὸς
361 2444 420 2500 τὸ
440 2449 739 2511 διελέσθαι,
754 2451 809 2500 τί
821 2453 932 2501 τῶν
949 2444 1324 2511 ἀνθρωπίνων
1336 2443 1626 2515 κτημάτων
1640 2443 1880 2514 ἄριστον.

210 2526 460 2597 Φιλήβου
489 2524 595 2596 γάρ
629 2527 879 2591 εἰπόντος
908 2525 1119 2598 ἡδονὴν
1149 2530 1239 2583 καὶ
1269 2530 1461 2599 τέρψιν
1481 2528 1570 2582 καὶ
1589 2523 1767 2596 χαρὰν
1792 2527 1882 2580 καὶ

209 2606 388 2664 πάνθ’
419 2605 597 2662 ὁπόσα
615 2608 825 2663 τοιαῦτ’
847 2613 982 2679 ε’στί,
1016 2610 1085 2665 σὺ
1106 2610 1243 2679 πρὸς
1263 2607 1400 2664 αὐτοὶ
1422 2608 1695 2674 άντεῐπες,
1724 2606 1796 2671 ῶς
1815 2605 1882 2661 οὐ

144 2705 176 2744 D
207 2696 378 2747 ταῦτα
408 2687 532 2744 ἀλλ’
564 2689 744 2744 ἐκεῖνά
774 2691 946 2759 ἐστιν,
985 2689 1020 2745 ὁὶ
1052 2691 1311 2755 πολλάκις
1341 2687 1481 2760 ἡμᾶς
1509 2687 1712 2752 αὐτοὺς
1742 2686 1880 2742 άνα-

206 2771 584 2845 μιμνήσλομεν
603 2769 840 2839 ἑκόντες,
879 2769 1063 2841 ὀρθῶς
1087 2776 1348 2841 δρῶντες,
1386 2768 1461 2825 ἵν’
1488 2772 1547 2824 ἐν
1567 2770 1753 2840 μνήμῃ
1773 2790 1879 2824 πα-

208 2861 499 2921 ρακείμενα
524 2853 748 2920 ἑκάτερα
779 2858 1151 2923 βασανίζηται·
1190 2851 1298 2924 φῂς
1327 2849 1379 2906 δ’
1418 2848 1489 2914 ῶς
1530 2855 1671 2906 ἔοικε
1710 2849 1778 2905 σὺ
1815 2850 1875 2906 τὸ
