2028 3198
7 2491 43 2656 3-

20 2782 60 2989 ,ςιφ-νᾎθ
24 2695 51 2770 Ὗ,

814 123 1210 172 ΦΙΛΗΒΟΣ.
1783 122 1854 175 59

166 279 224 314 τε
252 260 342 314 καὶ
372 263 475 314 τοῦ
502 256 655 321 ἑνός·
683 255 808 311 τότε
837 253 1019 327 δ’ἥδη
1047 277 1108 311 το
1129 258 1195 311 ἓν
1215 254 1455 312 ἕκαστον
1480 262 1594 312 τῶν
1621 257 1851 314 πάντων
1880 265 1915 306 Ε

168 344 245 403 εἰς
261 337 321 395 τὰ
344 336 579 406 ἄπειρον
599 339 842 407 μεθέντα
860 342 1072 407 χαίρειν
1089 338 1204 409 έᾷν.
1227 340 1284 392 oc
1298 336 1401 408 μὲν
1423 331 1530 394 οὖν
1547 344 1691 410 θεοί,
1714 338 1851 404 ὅπερ

167 419 350 489 εἶπον,
384 417 561 484 οὕτως
591 416 721 490 ἡμῖν
740 421 1057 488 παρέδοσαν
1074 430 1301 474 σκοπεῖν
1319 420 1410 475 καὶ
1428 420 1741 490 μανθάνειν
1760 421 1854 476 καὶ

165 501 448 558 διδάσκειν
478 498 778 572 ἀλλήλους·
818 503 876 556 οἱ
900 500 959 556 δὲ
990 506 1099 555 νῦν
1124 505 1239 554 τῶν
1265 499 1587 571 ἀνθρώπων
1607 505 1771 573 σοφοὶ
1791 505 1853 559 ἓν

165 588 295 655 μέν,
332 581 484 647 ὅπως
512 577 584 637 ἂν
612 582 848 652 τύχωσι,
888 579 955 636 τὰ
975 579 1149 636 πολλοὶ
1169 586 1379 637 θᾶττον
1398 585 1488 638 καὶ
1507 584 1856 655 βραδύτερον
1884 595 1939 642 17

165 671 388 722 ποιοῦσι
416 670 518 720 τοῦ
546 667 799 735 δέοντος,
836 661 971 735 μετὰ
1000 665 1060 719 δὲ
1075 662 1137 718 τὸ
1160 666 1223 719 ἓν
1244 661 1442 735 ἄπειρα
1463 664 1666 730 εὐθύς·
1703 665 1770 721 τὰ
1792 666 1852 722 δὲ

165 750 302 818 μέσα
321 744 526 810 αὐτοὺς
551 746 837 817 ἐκφεύγει,
876 742 958 811 οἷς
986 746 1402 817 διακεχώρισται
1421 747 1483 803 τό
1501 770 1558 802 τε
1578 752 1852 805 διαλεκτι-

165 835 276 894 κῶς
294 828 463 883 πάλιν
479 828 649 884 καὶτὸ
669 829 952 899 ἐριστικῶς
967 824 1109 897 ἡμᾶς
1124 836 1404 884 ποιεῖσθαι
1423 828 1559 899 πρὸς
1579 827 1851 900 ἀλλήλους

163 909 294 975 τούς
316 910 518 980 λόγους

304 997 413 1047 Vll.
480 995 651 1046 ΠΡΩ.
712 990 791 1046 Τὰ
823 996 925 1063 μέν
957 1013 1100 1063 πως,
1141 987 1186 1048 ὦ
1212 993 1535 1065 Σώκρατες,
1573 998 1723 1050 δοκῶ
1745 1012 1849 1050 σου

163 1073 494 1143 μανθάνειν,
516 1069 582 1127 τὰ
604 1071 662 1127 δὲ
682 1077 759 1128 ἔτι
778 1076 1120 1144 σαφέστερον
1136 1076 1328 1146 δέομαι
1346 1072 1385 1130 ὁὶ
1403 1078 1578 1146 λέγεις
1596 1074 1846 1132 ἀκοῦσαι.

304 1158 428 1210 ΣΩ.
484 1154 675 1225 Σαφὲς
692 1155 830 1227 μήν,
864 1150 910 1210 ὦ
926 1156 1252 1227 Πρώταρχε,
1291 1160 1438 1214 ἐστὶν
1459 1160 1520 1214 ἐν
1537 1170 1650 1223 τοῖς
1669 1157 1848 1230 γράμ-

164 1252 333 1306 μασιν
363 1233 395 1292 ὃ
434 1238 603 1306 λέγω,
639 1237 731 1292 καὶ
761 1238 1008 1308 λάμβανε
1037 1237 1171 1294 αὐτὸ
1205 1241 1268 1295 έν
1295 1238 1512 1304 τούτοις
1535 1237 1727 1309 οἷσπερ
1756 1242 1846 1295 καὶ
1872 1247 1907 1290 Β

162 1321 536 1373 πεπαίδευσαι.

304 1405 474 1455 ΠΡΩ.
528 1405 685 1465 Πῶςς

303 1485 429 1534 ΣΩ.
485 1481 653 1551 Φωνὴ
684 1485 787 1551 μέν
815 1485 929 1538 ἐστι
958 1505 1068 1539 που
1086 1489 1181 1555 μία
1203 1483 1292 1540 διὰ
1310 1491 1413 1540 τοῦ
1432 1484 1701 1555 στόματος
1720 1489 1844 1540 ἰοῦ-

162 1578 261 1631 σα,
282 1562 374 1616 καὶ
391 1559 616 1631 ἄπειρος
634 1556 708 1617 αὖ
726 1563 956 1636 πλήθει,
980 1566 1206 1621 πάντων
1226 1587 1283 1620 τε
1303 1567 1395 1621 καὶ
1414 1567 1663 1621 ἑκάστου.

300 1647 469 1697 ΠΡΩ.
530 1648 600 1698 Τι’
614 1644 754 1713 μήν;

304 1728 430 1779 ΣΩ.
479 1725 589 1779 Καὶ
619 1723 785 1780 οὐδὲν
813 1726 977 1798 ἑτέρῳ
1008 1747 1072 1795 γε
1100 1726 1318 1781 τούτων
1345 1730 1511 1798 ἐσμέν
1541 1748 1626 1783 πω
1656 1736 1840 1799 σοφοί,

161 1802 299 1860 οὔθ’
321 1803 407 1860 ὅτι
425 1804 485 1861 τὸ
506 1804 736 1873 ἄπειρον
766 1804 934 1876 αὐτῆς
956 1814 1116 1877 ἴσμεν
1138 1805 1273 1862 οὔθ’
1303 1806 1388 1863 ὅτι
1405 1809 1466 1864 τὸ
1486 1809 1572 1863 ἕν·
1611 1807 1734 1865 ἀλλ’
1757 1808 1841 1865 ὅτι

159 1884 307 1941 πόσα
323 1888 385 1940 τέ
398 1889 511 1942 ἐστι
529 1889 620 1942 καὶ
639 1885 818 1955 ὁποῖα,
836 1886 982 1943 τοῦτ’
1003 1893 1116 1944 ἔστι
1131 1891 1191 1944 τὸ
1209 1892 1591 1962 γραμματικὸν
1607 1892 1840 1948 ἕκαστον

156 1974 359 2023 ποιοῦν
376 1966 547 2038 ἡμῶν.

297 2053 466 2105 ΠΡΩ.
514 2049 901 2122 Ἀληθέστατα.

297 2135 421 2187 ΣΩ.
480 2134 590 2189 Καὶ
621 2134 734 2205 μὴν
765 2137 856 2191 καὶ
885 2134 946 2190 τό
977 2135 1249 2206 μουσικὸν
1278 2134 1310 2193 ὃ
1338 2137 1597 2208 τυγχάνει
1617 2143 1836 2208 ποιοῦν,

154 2209 307 2267 τοῦτ’
330 2218 441 2268 ἔστι
460 2212 676 2271 ταύτόν.

293 2298 463 2351 ΠΡΩ.
518 2302 676 2362 Πῶς;

294 2378 417 2430 ΣΩ.
470 2378 639 2449 Φωνὴ
660 2401 762 2450 μεν
781 2399 892 2435 που
911 2387 1002 2436 καὶ
1021 2382 1132 2436 κατ’
1154 2383 1372 2452 ἐκείνην
1387 2379 1488 2453 τὴν
1507 2386 1704 2455 τέχνην
1722 2382 1835 2439 ἐστὶ
1865 2391 1896 2433 C

152 2458 248 2526 μία
272 2456 332 2509 ἐν
350 2454 505 2527 αὐτῇ.

293 2543 461 2594 ΠΡΩ.
516 2546 646 2605 Παῖς
665 2539 719 2597 δ’
744 2541 841 2607 οὖς

292 2624 416 2675 ΣΩ.
478 2620 603 2677 Δύο
628 2624 686 2678 δὲ
717 2630 912 2693 θῶμεν
930 2624 1076 2695 βαρὺ
1094 2627 1186 2683 καὶ
1217 2624 1342 2699 ὀξύ,
1374 2631 1465 2684 καὶ
1485 2634 1674 2700 τρίτον
1693 2626 1832 2699 ὁμό-

152 2721 345 2755 τονον·
383 2697 583 2772 ἢπῶς;

293 2787 461 2838 ΠΡΩ.
520 2783 726 2851 Οὕτως.
