2028 3198
259 146 361 199 164
854 142 1337 191 ΠΛΑΤΩΝΟΣ
1886 152 1940 196 26

83 316 95 352 ἶ
129 268 133 277 ’
155 272 157 274 ,
256 279 381 336 ἀλλ’
403 278 641 349 ατεχνῶς
660 271 820 332 οἴοιτ’
843 270 915 330 ἂν
935 274 1164 346 άκηκοέι
1175 297 1231 331 αι
1257 282 1420 356 τοῦτο
1444 273 1474 332 ὃ
1505 275 1715 332 πάλαι’
1691 278 1797 345 άρα
1817 279 1940 332 ε’πε-

64 388 99 417 ,π
121 354 193 440 sss
219 389 223 393 ·
255 362 452 431 θύμει,
493 355 794 414 συνελθῶν
824 358 916 412 καὶ
937 358 1223 422 συντακεὶς
1240 363 1316 412 τῶ
1337 353 1594 432 ἐρωμένω
1617 361 1676 415 ἐκ
1696 363 1848 414 δυεῖν
1869 354 1942 424 εἷς

255 444 534 513 γενέσθαι.
574 447 738 496 τοῦτο
762 439 869 510 γάρ
905 440 1018 494 ε’στι
1047 437 1107 494 τὸ
1139 447 1344 511 αἴτιον,
1382 438 1467 496 ότι
1493 439 1528 512 ἡ
1560 441 1756 512 ἀρχαία
1777 442 1942 510 φύσις

254 523 414 595 ἡμῶν
441 517 513 594 ἧν
545 521 683 592 αὕτη
717 522 808 576 καὶ
838 514 978 591 ἦμεν
1008 517 1151 576 ὅλοι·
1192 529 1293 578 τοῦ
1311 522 1448 579 ὅλου
1467 517 1573 579 οὖν
1591 531 1657 596 τῇ
1677 526 1941 596 ἐπιθυμία
2015 576 2022 582 .,

145 625 227 671 193
254 607 345 663 καὶ
382 604 563 671 διώξει
601 607 738 676 ἔρως
775 601 968 673 ὄνομα.
1007 604 1099 658 καὶ
1134 602 1242 672 πρὸ
1279 612 1382 660 τοῦ
1391 647 1406 676 ,
1450 604 1634 676 ῶσπερ
1675 607 1842 676 λέγω,
1885 608 1943 660 ἓν

255 683 422 760 ἦμεν·
443 688 571 742 νυνὶ
594 685 652 742 δε
672 683 761 741 δια
782 683 885 756 τὴν
902 683 1122 741 άδικιαν
1142 685 1568 758 διῳκίσθημεν
1536 686 1645 742 υπὸ
1663 695 1764 743 τοῦ
1782 694 1941 755 θεοῦ,

258 770 515 842 καθάπερ
542 766 802 841 Ἀρκάδες
838 766 941 823 ὑπὸ
963 771 1432 839 Λακεδαιμονίων.
1457 769 1632 840 φόβος
1651 763 1757 825 οὖν
1778 775 1941 837 ἔστιν,
2024 824 2028 829 ,

258 851 357 909 ἐὰν
386 852 458 924 μὴ
491 852 710 922 κόσμιοι
737 853 887 921 ῶμεν
911 849 1050 922 πρὸς
1074 849 1204 914 τούς
1233 851 1429 921 θεούς,
1469 849 1616 916 ὅπως
1636 850 1708 922 μὴ
1734 853 1822 906 καὶ
1841 853 1944 905 αὐ-
2015 884 2028 923 >3

257 944 352 1001 θις
383 933 923 1005 διασχισθησόμεθα,
964 934 1054 988 και
1081 939 1330 1003 περίιμεν
1360 937 1572 1004 ἔχοντες
1603 933 1786 1003 ω’σπερ
1809 936 1865 988 οἱ
1886 935 1945 987 ἐν
2006 967 2028 994 x<

257 1031 372 1085 ταῖς
388 1019 606 1089 στήλαις
621 1014 759 1072 κατὰ
779 1014 1004 1086 γραφὴν
1020 1017 1469 1086 ἐκτετυπωμένοι,
1493 1018 1945 1085 διαπεπρισμένοι

258 1100 396 1158 κατὰ
429 1101 524 1200 τοὶς
561 1103 743 1173 ῥῖνας,
779 1097 1070 1168 γεγονότες
1101 1096 1284 1168 ῶσπερ
1315 1104 1516 1153 λίσπαι.
1559 1097 1694 1153 ἀλλὰ
1730 1098 1945 1152 τούτων

259 1186 423 1240 ἕνεκα
442 1179 605 1238 πάντ’
633 1180 810 1251 ανδρα
830 1179 930 1283 χρὴ
953 1178 1171 1235 άπαντα
1200 1181 1680 1247 παρακελεύεσθαι
1701 1178 1946 1250 εὐσεβεῖν
2024 1207 2028 1249 j

196 1287 229 1329 Β
261 1270 384 1337 περὶ
403 1266 600 1335 θεούς,
631 1268 722 1319 ἵνα
744 1285 809 1317 τα
830 1284 932 1332 μεν
951 1261 1312 1331 έκφύγωμεν,
1345 1267 1459 1316 τῶν
1480 1262 1538 1317 δὲ
1557 1283 1834 1332 τυχωμεν,
1869 1283 1948 1315 ων

260 1347 289 1407 ὃ
314 1349 490 1419 ’Έρως
528 1345 661 1418 ἡμῖν
694 1343 916 1416 ἡγεμών
955 1345 1046 1399 καὶ
1084 1343 1399 1414 στρατηγός.
1440 1335 1484 1398 ῶ
1514 1347 1700 1414 μηδεὶς
1729 1347 1946 1399 ἐναντία

261 1434 565 1502 πραττέτω·
589 1428 812 1498 πράττει
834 1424 886 1481 δ’
918 1429 1166 1495 ἐναντία,
1207 1424 1355 1490 όστις
1378 1433 1531 1490 θεοῖς
1552 1424 1946 1495 ἀπεχθάνεται·
2018 1422 2028 1426 ”

261 1520 414 1584 φίλοι
444 1512 550 1583 γὰρ
581 1511 874 1582 γενόμενοι
901 1511 992 1565 καὶ
1012 1511 1392 1578 διαλλαγέντες
1420 1514 1495 1580 τῶ
1517 1514 1634 1582 θεῷ
1654 1508 1938 1578 ἐξευρήσο-

265 1597 367 1667 μέν
385 1617 442 1650 τε
463 1595 552 1650 καὶ
573 1593 945 1663 ἐντευξόμεθα
975 1603 1087 1656 τοῖς
1109 1595 1381 1656 παιδικοῖς
1399 1602 1511 1654 τοῖς
1540 1587 1820 1660 ἡμετέροις
1844 1588 1946 1643 αὐ-

264 1685 403 1748 τῶν,
426 1675 456 1732 ὃ
475 1683 588 1732 τῶν
607 1682 714 1731 νῦν
734 1673 908 1745 ὀλίγοι
927 1680 1162 1730 ποιοῦσι.
1195 1675 1285 1729 καὶ
1314 1673 1390 1744 μή
1411 1694 1504 1744 μοι
1522 1670 1778 1744 ὑπολάβῃ
1795 1670 1949 1742 Ἐρυ«

266 1762 486 1830 ξίμαχος
503 1762 790 1832 κωμῳδῶν
806 1756 906 1813 τὸν
923 1758 1110 1828 λόγον,
1130 1754 1200 1821 ὡς
1214 1759 1542 1811 Παυσανίαν
1555 1754 1646 1809 καὶ
1658 1751 1948 1823 Ἀγάθωνα

205 1860 236 1901 G
264 1844 405 1911 λέγω
421 1863 431 1873 ·
471 1850 602 1905 ἴσως
631 1840 732 1910 μὲν
757 1838 863 1909 γὰρ
889 1842 977 1895 καὶ
1002 1833 1157 1895 οὗτοι
1176 1839 1390 1894 τούτων
1409 1837 1778 1908 τυγχάνουσιν
1797 1835 1950 1899 ὄντες

267 1924 358 1979 καὶ
396 1925 532 1978 εἰσὶν
570 1919 874 1991 ἀμφότεροι
911 1918 1014 1989 τὴν
1053 1919 1227 1988 φύσιν
1267 1919 1494 1988 ἄρρενες
1511 1940 1521 1950 ·
1569 1922 1710 1987 λέγω
1749 1919 1806 1973 δὲ
1843 1913 1950 1972 οὖν

267 2011 440 2076 ἔγωγε
459 2001 595 2078 καθ’
619 2000 881 2057 ἁπάντων
899 2005 989 2056 καὶ
1006 1998 1229 2069 ἀνδρῶν
1245 2002 1335 2055 καὶ
1350 2005 1650 2069 γυναικῶν,
1676 1998 1759 2053 ὅτι
1775 1997 1950 2062 οὕτως

267 2085 340 2142 ἂν
356 2084 516 2158 ἡμῶν
543 2085 603 2140 τὸ
636 2087 796 2154 γένος
816 2080 1082 2154 εὔδαιμον
1100 2086 1342 2154 γένοιτο,
1381 2086 1432 2137 εἰ
1454 2082 1831 2151 ἐκτελέσαιμεν
1854 2080 1951 2136 τόν

268 2175 446 2238 ἔρωτα
467 2169 556 2223 καὶ
574 2173 687 2222 τῶν
709 2171 981 2221 παιδικῶν
999 2171 1113 2221 τῶν
1131 2163 1307 2220 αὑτοῦ
1326 2165 1551 2228 ἕκαστος
1579 2163 1733 2233 τύχοι
1754 2169 1828 2227 εἰς
1851 2162 1952 2234 τὴν

266 2250 498 2322 άρχαίαν
517 2247 786 2305 ἀπελθών
809 2248 995 2319 φύσιν.
1030 2248 1154 2303 εἰδὲ
1172 2254 1334 2303 τοῦτο
1357 2246 1614 2318 ἄριστον,
1647 2245 1952 2316 ἀναγκαῖον

267 2335 357 2390 καὶ
376 2340 490 2389 τῶν
505 2334 613 2388 νῦν
632 2332 929 2403 παρόντων
944 2331 1005 2387 τὸ
1023 2331 1225 2387 τούτου
1245 2331 1523 2401 ἐγγυτάτω
1544 2328 1771 2398 ἄριστον
1788 2326 1949 2383 εἶναι·

267 2421 430 2470 τοῦτο
464 2413 516 2468 δ’
549 2416 661 2469 ἐστὶ
691 2418 965 2470 παιδικῶν
993 2424 1176 2484 τυχεῖν
1207 2411 1347 2468 κατὰ
1370 2418 1511 2467 νοῦν
1530 2409 1683 2484 αὐτῷ
1702 2409 1953 2479 πεφυκό-
2000 2476 2007 2483 ἡ

199 2519 233 2560 D
268 2519 380 2553 των
397 2517 407 2528 ·
441 2490 514 2551 οὗ
532 2495 597 2567 δὴ
620 2497 718 2572 τὸν
737 2505 914 2553 αἴτιον
935 2495 1076 2552 θεὸν
1095 2495 1403 2566 ὑμνοῦντες
1424 2499 1645 2558 δικαίως
1664 2490 1734 2549 ἄν
1757 2491 1953 2562 ὑμνοῖ-

270 2601 373 2651 μεν
396 2578 632 2649 Ἔρωτα,
672 2576 731 2644 ὃς
762 2582 821 2635 ἐν
843 2587 920 2652 τῷ
949 2580 1181 2649 παρόντι
1209 2575 1349 2649 ἡμᾶς
1365 2584 1590 2632 πλεῖστα
1610 2574 1860 2644 ὀνίνησιν
1879 2578 1954 2637 εἰς
1995 2571 2028 2638 j

272 2661 332 2720 τὸ
353 2665 559 2718 οἰκεῖον
578 2660 757 2732 ἄγων,
799 2664 889 2717 καὶ
911 2667 985 2726 εἰς
1003 2659 1063 2717 τὸ
1086 2665 1268 2716 ἔπειτα
1288 2663 1508 2724 ἐλπίδας
1533 2662 1787 2729 μεγίστας
1806 2674 1951 2724 παρ-

272 2748 470 2815 έχεται,
501 2742 661 2815 ἡμῶν
691 2745 1080 2813 παρεχομένων
1100 2743 1238 2814 πρὸς
1264 2741 1435 2806 θεοὺς
1455 2738 1765 2810 εὐσέβειαν,
1786 2760 1955 2793 κατα·
2000 2736 2001 2739 “

273 2827 474 2904 στήσας
503 2825 646 2899 ἡμᾶς
668 2830 743 2890 εἰς
770 2824 871 2896 τήν
893 2824 1124 2897 ἀρχαίαν
1145 2826 1321 2896 φύσιν
1351 2824 1442 2879 καὶ
1462 2821 1758 2891 ἰασάμενος
1776 2843 1946 2891 μακαα
2011 2833 2015 2835 “

2023 1945 2026 1948 ,
2008 1713 2028 1923 “adfinis—m
2017 1503 2028 1683 .u·n„.m.-..;
2021 1471 2028 1479 2
