2028 3198
297 150 401 205 136
902 149 1379 199 ΠΛΑΤΩΝΟΣ

435 289 605 340 ΠΡΩ.
664 287 926 338 Φαίνεται
943 288 1086 352 γοῦν
1105 285 1166 338 ἐκ
1184 288 1298 349 τῶν
1317 289 1427 339 νῦν
1445 286 1774 354 λεγομένων.

437 369 562 421 Σῼ.
618 363 905 432 Δεύτερον
941 362 1053 434 μὴν
1089 366 1213 435 περὶ
1246 364 1307 419 τὸ
1338 365 1655 436 σύμμετρον
1684 368 1775 421 καὶ
1804 365 1978 423 καλὸν

294 450 385 506 καὶ
418 446 480 502 τὸ
513 450 702 503 τέλεον
730 448 822 502 καὶ
852 445 1051 501 ἰκανὸν
1069 449 1160 501 καὶ
1180 445 1358 502 πάνθ’
1382 445 1560 503 ὁπόσα
1578 454 1675 519 τῆς
1692 455 1885 517 γενεᾶς
1905 443 1979 504 αὖ

295 530 496 600 ταύτης
515 532 676 585 ἐστίν.

437 615 606 667 ΠΡΩ.
646 609 829 666 ’Έοικε
848 615 1006 678 γοῦν.

437 698 560 748 ΣΩ.
628 689 701 746 Τὸ
743 696 937 746 τοίνυν
972 695 1184 761 τρίτον,
1224 689 1296 755 ὥς
1331 687 1365 761 ἡ
1405 689 1502 761 ἐμὴ
1543 695 1769 761 μαντεία
1785 733 1799 761 ,
1837 699 1977 747 νοῦν

293 781 386 834 καὶ
417 777 694 850 φρόνησιν
723 775 896 840 τιθεὶς
926 773 1029 830 οὐκ
1060 771 1130 830 ἀν
1148 777 1285 845 μέγα
1311 795 1363 829 τι
1381 779 1475 844 τῆς
1495 772 1757 844 ἀληθείας
1777 779 1978 843 παρεξ-

294 862 496 924 έλθοις.

434 944 605 997 ΠΡΩ.
650 937 825 1003 Ἴσως.

436 1027 560 1078 Σῼ.
609 1014 725 1094 Ἆρ’
761 1014 867 1075 οὖν
895 1018 964 1075 οὐ
992 1022 1246 1090 τέταρτα,
1285 1016 1321 1073 α’
1351 1024 1446 1089 τῆς
1465 1025 1642 1088 ψυχῆς
1661 1018 1831 1088 αὐτῆς
1850 1023 1977 1073 ἔθε-

295 1127 414 1176 μεν,
448 1102 745 1174 ἐπιστήμας
771 1123 829 1156 τε
859 1103 950 1157 καὶ
970 1105 1161 1172 τέχνας
1179 1105 1269 1156 καὶ
1291 1102 1450 1167 δόξας
1470 1099 1648 1171 ὀρθάς
1668 1106 1972 1171 λεχθείσας,

294 1184 448 1242 ταῦτ’
477 1184 616 1240 εἶναι
635 1184 701 1239 τα
721 1181 862 1254 πρὸς
878 1195 990 1248 τοϊς
1008 1185 1150 1254 τρισὶ
1168 1185 1421 1254 τέταρτα,
1454 1191 1607 1254 εἴπερ
1628 1189 1733 1239 τοῦ
1753 1181 1975 1252 ἀγαθοῦ

294 1270 406 1325 ἐστὶ
428 1274 638 1338 μᾶλλον
660 1261 732 1337 [ἦ]
754 1272 851 1337 τῆς
870 1263 1075 1336 ἡδονῆς
1097 1270 1363 1336 ξυγγενῆ;

434 1353 607 1404 ΠΡΩ.
670 1353 721 1402 Τ
716 1345 802 1417 (ἔχ’
829 1347 916 1402 ἄν.

435 1434 557 1484 ΣΩ.
612 1432 872 1499 Πέμπτας
908 1433 1124 1494 τοίνυν,
1163 1424 1227 1492 ἂς
1244 1425 1453 1499 ἡδονὰς
1487 1430 1687 1497 ἔθεμεν
1728 1425 1977 1491 ἀλύπους

294 1509 646 1582 ὁρισάμενοι,
697 1510 950 1579 καθαρὰς
988 1509 1430 1579 ἐπονομάσαντες
1465 1515 1561 1579 τῆς
1596 1514 1773 1578 ψυχῆς
1809 1507 1979 1578 αὐτῆς

294 1593 618 1664 ἐπιστήμας,
638 1604 756 1656 ταῖς
775 1592 834 1648 δὲ
852 1593 1182 1664 αἰσθήσεσιν
1202 1593 1495 1663 ἑπομένας;

433 1691 602 1742 ΠΡῼ.
641 1687 818 1751 Ἴσως.

434 1786 557 1835 ΣΩ.
607 1780 771 1853 Ἕκτῃ
785 1779 830 1836 δ’
851 1784 913 1837 ἐν
931 1788 1114 1855 γενεᾷ,
1137 1782 1307 1852 φησὶν
1322 1778 1570 1852 Ὀρφεύς,
1591 1779 1978 1834 καταπαύσατε

294 1861 509 1931 κόσμον
541 1859 731 1932 ἀοιδῆς
745 1884 756 1895 ·
798 1862 936 1933 ἀτὰρ
965 1864 1283 1918 κινδυνεύει
1301 1865 1393 1918 καὶ
1412 1860 1440 1918 ὁ
1459 1859 1718 1932 ἡμέτερος
1736 1860 1900 1931 λόγος
1920 1862 1980 1915 ἐν

295 1944 422 2015 ἕκτῃ
442 1946 933 2015 καταπεπαυμένος
953 1943 1092 1998 εἶναι
1111 1949 1301 2015 κρίσει.
1338 1942 1399 1997 τὸ
1422 1941 1488 2013 δὴ
1510 1942 1642 2012 μετὰ
1662 1939 1823 1996 ταῦθ’
1844 1940 1978 2011 ἡμῖν

294 2025 461 2083 οὐδὲν
492 2024 691 2082 λοιπὸν
716 2023 863 2097 πλὴν
893 2024 1078 2095 ὥσπερ
1097 2023 1349 2095 κεφαλὴν
1369 2023 1679 2079 ἀποδοῦναι
1696 2034 1807 2088 τοῖς
1827 2028 1979 2094 εἰρη-

293 2111 493 2179 μένοις.

435 2196 609 2247 ΠΡῼ.
667 2188 900 2245 Οὐκοῦν
917 2191 1037 2261 χρή.

434 2290 586 2340 XLII.
661 2289 784 2340 ΣΩ.
826 2283 942 2340 Ἴθι
962 2284 1058 2355 δή,
1079 2281 1139 2339 τὸ
1161 2290 1348 2355 τρίτον
1365 2290 1444 2358 τῷ
1464 2290 1669 2354 σωτῆρι
1686 2281 1785 2338 τὸν
1807 2280 1979 2338 αὐτὸν

297 2367 806 2438 διαμαρτυράμενοι
825 2365 998 2438 λόγον
1020 2370 1412 2437 ἐπεξέλθωμεν.

434 2467 605 2517 ΠΡΩ.
658 2469 836 2519 Ποῖον
857 2463 927 2534 δή
940 2487 953 2527 ;

435 2560 560 2610 ΣΩ.
614 2560 856 2628 Φίληβος
890 2555 1146 2627 τάγαθὸν
1184 2559 1396 2612 ἐτίθετο
1433 2553 1564 2627 ἡμῖν
1598 2553 1810 2626 ἡδονὴν
1840 2553 1977 2610 εἶναι

294 2643 479 2692 πᾶσαν
498 2638 591 2692 καὶ
609 2645 867 2709 παντελῆ.

434 2735 607 2788 ΠΡΩ.
670 2733 744 2788 Τό
774 2738 989 2803 τρίτον,
1029 2728 1072 2789 ὦ
1090 2735 1413 2805 Σώκρατες,
1454 2729 1527 2796 ὦς
1556 2736 1758 2800 ἔοικας,
1799 2735 1978 2800 ἔλεγες

295 2812 493 2881 ἀρτίως
510 2813 609 2870 τὸν
630 2817 682 2882 ἐξ
703 2814 873 2887 ἀρχῆς
893 2818 1260 2888 ἐπαναλαβεῖν
1285 2821 1399 2872 δεῖν
1418 2815 1601 2884 λόγον.
