2028 3198
483 42 527 63 .-,3
537 51 539 53 -

415 93 439 106 X

327 180 428 247 u6
927 151 1441 242 HAATQNOZ’

325 338 434 401 εἴη·
421 371 435 395 ,
474 329 676 394 πότερα
706 324 765 380 τό
789 324 1046 395 μέγιστόν
1065 346 1122 380 τε
1141 328 1232 382 καὶ
1251 327 1563 383 πλεῖστον’Λ
1527 351 1561 398 η
1582 326 1643 383 τὸ
1664 329 1999 399 ἀκρατέστα-

328 431 451 479 τον,
475 412 532 463 ἐν
554 429 594 462 ω
617 407 900 478 χρώματος
913 409 1151 504 μηδεμία
1169 419 1333 478 μοῖρα
1352 408 1488 480 ἄλλη
1509 411 1790 481 μηδενὸς’
1765 417 1929 482 ενείη·
1920 455 1931 476 ,

466 464 638 544 1112‘52.
695 487 928 558 Δῆλον
907 486 992 542 ότι
1009 490 1070 542 τὸ
1091 490 1323 558 μάλιστα
1344 489 1666 558 είλικρινὲς’
1646 491 1728 546 όν.

469 573 592 624 Σῼ.
658 566 882 638 Ὀρθῶς.
944 562 1036 637 ἆρ’
1071 563 1172 624 οὖν
1212 569 1278 625 οὐ
1314 577 1474 626 τοῦτο
1505 569 1908 643 ἀληθέστατον,
1959 566 2003 628 ὦ

329 652 655 720 Πρώταρχε,
697 651 788 705 καὶ
817 648 928 719 ἅμα
958 648 1023 720 δὴ
1055 650 1348 706 κάλλιστον
1377 657 1489 706 τῶν
1526 658 1740 708 λευκῶν
1777 655 2003 708 πάντων

266 747 295 787 Β
327 734 605 804 θήσομεν,
627 729 746 787 ἄλλ’
776 729 843 786 οὐ
865 730 923 786 τὸ
948 739 1203 787 πλεῖστον
1223 731 1431 788 οὐδὲτὸ
1457 734 1738 802 μέγιστον;

466 818 635 869 ΠΡΩ.
689 812 990 883 Ὀρθότατά
1010 836 1087 883 γε.

467 899 588 951 ΣΩ.
630 893 884 965 Σμικρόν
903 894 1008 965 ἄρα
1027 894 1282 964 καθαρὸν
1296 894 1500 951 λευκὸν
1516 899 1850 967 μεμιγμένου
1868 905 2004 951 πολ--

330 985 433 1034 λοῦ
451 984 657 1033 λευκοῦ
677 977 1010 1045 λευκότερον
1028 977 1138 1047 ἅμα
1159 979 1248 1032 καὶ
1267 977 1495 1032 κάλλιον
1516 980 1606 1033 καὶ
1630 976 2004 1048 ἀληθέστερον

331 1060 427 1115 ἐὰν
450 1066 642 1130 φῶμεν
661 1066 977 1128 γίγνεσθαι,
999 1059 1350 1112 παντάπασιν
1370 1059 1607 1129 ἐροῦμεν
1626 1057 1826 1128 ὀρθῶς.

469 1144 638 1195 ΠΡῼ.
698 1139 997 1209 Ὀρθότατα
1019 1141 1118 1209 μὲν
1138 1133 1254 1194 οὖν.

470 1228 594 1277 Σῼ.
655 1227 724 1276 Τί
748 1223 874 1283 ούν;
912 1220 980 1274 οὐ
1010 1221 1075 1289 δή
1106 1241 1217 1274 που
1248 1226 1469 1274 πολλῶν
1492 1220 1804 1291 δεησόμεθα
1825 1240 2003 1287 παρα-

331 1304 638 1374 δειγμάτων
659 1301 929 1357 τοιούτων
947 1303 1032 1356 ἐπὶ
1051 1299 1149 1356 τὸν
1169 1307 1263 1371 τῆς
1282 1299 1484 1371 ἡδονῆς
1503 1303 1626 1369 πέρι
1645 1300 1838 1372 λόγον,
1878 1299 2003 1356 αλλ’

331 1383 489 1454 ἀρκεῖ
512 1395 661 1439 νοεῖν
691 1382 822 1454 ἡμῖν
856 1381 1127 1451 αὐτόθεν,
1168 1379 1240 1446 ὡς
1271 1381 1377 1452 ἄρα
1409 1385 1499 1438 καὶ
1539 1381 1793 1452 ξύμπασα
1829 1380 1999 1454 ἡδονὴ

271 1477 302 1518 C
333 1466 535 1537 σμικροὶ
555 1465 792 1536 μεγάλης
812 1466 902 1519 καὶ
920 1462 1073 1533 ὀλίγη
1096 1471 1326 1533 πολλῆς,
1357 1461 1580 1533 καθαρὰ
1601 1463 1800 1535 λύπης,
1832 1463 2005 1535 ἡδίων

329 1548 418 1603 καὶ
440 1545 780 1618 ἀληθεστέρα
800 1547 890 1601 καὶ
910 1550 1150 1600 καλλίων
1168 1543 1396 1615 γίγνοιτ
1423 1544 1506 1599 ἄν.

468 1633 638 1684 ΠΡΩ.
698 1628 935 1699 Σφόδρα
982 1649 1082 1697 μεν
1127 1629 1258 1697 οὑν,
1315 1627 1405 1681 καὶ
1451 1626 1512 1682 τό
1560 1648 1623 1696 γε
1660 1626 2002 1696 παραδειγμα

331 1711 542 1767 ῖκανόν

472 1797 595 1849 ΣΩ.
657 1796 726 1845 Τί
749 1791 807 1846 δὲ
825 1791 883 1845 τὸ
905 1791 1147 1856 τοιόνδε;
1188 1783 1294 1857 ἆρα
1313 1791 1437 1859 περὶ
1454 1787 1658 1860 ἡδονῆς
1675 1788 1777 1845 οὐκ
1798 1787 2005 1860 ἀκηκό-

330 1894 494 1945 αμεν,
529 1871 602 1936 ὡς
622 1871 703 1926 ἀεὶ
725 1875 934 1940 γένεσίς
953 1874 1126 1940 ἐστιν,
1150 1867 1311 1924 οὐσία
1331 1871 1388 1925 δὲ
1409 1868 1512 1925 οὐκ
1532 1875 1644 1926 ἔστι
1663 1869 1723 1926 τὸ
1745 1871 2006 1940 παράπαν

330 1954 560 2026 ἡδονῆς;
592 1954 795 2023 κομψοὶ
812 1950 918 2022 γὰρ
940 1952 1007 2022 δή
1026 1973 1169 2015 τινες
1190 1945 1262 2004 αὖ
1280 1958 1482 2006 τοῦτον
1499 1952 1598 2006 τὸν
1617 1953 1787 2022 λόγον
1807 1956 2003 2021 ἐπιχει-

332 2043 493 2103 ροῦσι
510 2035 743 2107 μηνύειν
758 2033 916 2105 ἡμῖν,
938 2029 1018 2098 οἷς
1040 2036 1122 2087 δεῖ
1136 2031 1298 2103 χάριν
1319 2035 1473 2102 ἔχειν.

474 2122 644 2172 HPQ
707 2116 883 2185 mmm

469 2204 592 2254 ΣΩ.
633 2202 1093 2268 Διαπερανοῦμαί
1106 2213 1192 2251 σοι
1209 2203 1368 2250 τοῦτο
1389 2196 1765 2267 ἐπανερωτῶν,
1782 2190 1825 2251 ὦ
1837 2196 2004 2265 Πρώ-

269 2292 300 2331 D
332 2301 492 2351 ταρχε
513 2287 651 2351 φίλε.

473 2368 644 2418 ΠΡΩ.
702 2363 840 2431 Λέγε
861 2364 950 2416 καὶ
971 2360 1144 2431 ἐρώτα
1167 2359 1356 2430 μόνον.

473 2449 700 2498 XXXIII.
763 2447 885 2499 Σῼ.
937 2440 1127 2496 Ἐστόν
1146 2442 1211 2511 δή
1230 2461 1344 2495 τινε
1367 2438 1501 2510 δύω,
1524 2438 1583 2495 τὸ
1604 2439 1704 2511 μὲν
1723 2437 1855 2495 αὐτὸ
1879 2436 2002 2494 καθ’
2022 2471 2028 2506 .3

334 2522 496 2592 αὑτό,
524 2522 585 2578 τὸ
608 2521 715 2580 δὲ’
687 2525 769 2579 αεὶ
788 2525 1078 2595 ἐφιέμενον
1102 2522 1288 2578 ἄλλον.
2026 2534 2028 2537 ’

473 2611 598 2661 ΠΡ
584 2610 645 2659 Q
700 2610 830 2669 Πως
849 2607 1026 2660 τούτω
1046 2606 1136 2660 καὶ
1154 2610 1268 2660 τίνε
1287 2606 1485 2674 λε’γεις;
2019 2638 2028 2686 3

475 2691 596 2742 ΣΩ.
661 2685 735 2740 T&
757 2709 858 2756 μεν
879 2687 1216 2757 σεμνότατον
1237 2685 1318 2742 αεὶ
1340 2686 1614 2757 πεφυκός,
1636 2683 1695 2740 τό
1717 2682 1770 2739 δ’
1792 2684 2028 2752 ἐλλιπεςξ]

333 2770 562 2824 ἐκείνου.
2014 2786 2028 2795 ·’

472 2853 642 2904 ΠΡΩ.
693 2845 823 2918 Λέγ’
849 2854 925 2904 ἔτι
943 2854 1295 2921 σαφέστερον.
