2028 3198
270 110 375 163 328
606 116 1151 163 ΑΛΚΙΒΙΛΔΗΣ
1180 94 1645 167 ΔΕΥΤΕΡΟΣ.
1898 130 1957 174 58

411 253 535 304 ΣΩ.
581 245 810 303 Οὐκοῦν
825 251 1095 319 μέμνησαι
1110 245 1452 320 ὁμολογήσας
1469 247 1801 308 ὑπεναντίον
1817 253 1957 309 εἶναι

278 334 482 399 μανίαν
501 329 799 400 φρονήσεις

417 416 536 466 ΑΛ.
575 409 799 481 ”Εγωγε.

414 498 541 550 Σῼ.
605 490 836 553 Οὐκοῦν
863 493 955 548 καὶ
983 493 1157 564 μηδὲν
1185 492 1323 549 εἶναι
1343 494 1431 551 διὰ
1451 500 1623 566 μέσου
1643 502 1828 568 τρίτον
1846 499 1956 554 πά-

271 583 403 645 θος,
442 571 472 630 ὃ
500 586 650 630 ποιεῖ
672 571 771 629 τὸν
803 571 1110 642 ἄνθρωπον
1128 575 1262 646 μήτε
1282 577 1560 648 φρόνιμον
1577 578 1711 649 μήτε
1731 577 1953 650 ἄφρονα

274 655 435 721 εἷναι;

410 744 530 794 ΑΛ.
580 736 927 809 Ὡμολόγησα
947 738 1069 809 γάρ.

409 826 535 877 ΣΩ.
589 822 696 877 Καὶ
725 819 836 893 μὴν
867 820 969 880 δύο
1000 842 1060 891 γε
1093 819 1394 876 ὑπεναντία
1423 822 1504 878 ἑνὶ
1532 822 1810 894 πράγματι
1839 829 1955 888 πῶς
2026 863 2028 865 -

275 925 341 960 αν
362 911 470 974 εἴη;

410 991 527 1040 ΑΛ.
588 982 876 1055 Οὐδαμῶς.

207 1082 238 1123 C
409 1072 534 1122 Σῼ.
589 1065 905 1138 Ἀφροσύνη
936 1064 1044 1134 ἄρα
1073 1066 1161 1121 καὶ
1193 1071 1360 1136 μανία
1398 1068 1711 1123 κινδυνεύει
1747 1066 1949 1124 ταύτὸν

270 1147 425 1204 εἶναι.

407 1237 525 1286 ΑΛ.
582 1236 855 1285 Φαίνεται.

407 1318 486 1367 111.
560 1317 683 1367 ΣΩ.
762 1312 989 1376 Πάντας
1025 1305 1131 1367 οὖν
1166 1309 1238 1367 ἄν
1277 1314 1508 1384 φάντες,
1548 1306 1593 1367 a}
1620 1311 1951 1384 Ἀλκιβιάδη,

266 1395 398 1459 τοὺς
427 1393 678 1465 ἄφρονας
707 1400 1004 1465 μαίνεσθαι
1023 1392 1209 1463 ὀρθῶς
1229 1392 1299 1451 ἂν
1318 1401 1559 1467 φαίημεν
1573 1417 1583 1426 ·
1624 1393 1820 1451 αὐτίκα
1838 1402 1953 1451 τῶν

266 1481 383 1531 σῶν
425 1474 735 1546 ἡλικιωτῶν
783 1484 838 1532 εἴ
877 1497 1021 1541 τινες
1068 1477 1439 1547 τυγχάνουσιν
1485 1475 1728 1546 ἄφρονες
1777 1477 1946 1542 ὄντες,

268 1555 450 1626 ῶσπερ
490 1562 620 1628 εἰσί,
658 1559 747 1614 καὶ
777 1565 890 1614 τῶν
920 1563 997 1613 ἔτι
1035 1564 1448 1631 πρεσβυτέρων·
1488 1560 1600 1614 ἐπεὶ
1639 1563 1773 1629 φέρε
1811 1557 1953 1627 πρὸς

265 1640 429 1710 Διός,
474 1638 577 1695 οὐκ
615 1647 718 1695 οἰέι
749 1646 863 1695 τῶν
891 1642 952 1695 ἐν
981 1647 1048 1712 τῇ
1078 1640 1236 1695 πόλει
1265 1638 1486 1710 ὀλίγους
1514 1639 1614 1710 μὲν
1644 1638 1783 1694 εἶναι
1816 1637 1951 1703 τούς

269 1727 602 1792 φρονίμους,
636 1720 888 1792 ἄφρονας
906 1722 964 1778 δὲ
985 1721 1050 1792 δὴ
1072 1720 1203 1787 τοὺς
1224 1722 1491 1791 πολλούς,
1523 1719 1621 1786 οὓς
1640 1726 1705 1791 δη
1728 1720 1798 1776 σύ
1822 1744 1950 1792 μαι·
2020 1728 2028 1738 '

266 1804 536 1871 νομένους
555 1809 760 1868 καλεῖς;
1630 1799 1638 1805 ’

404 1890 522 1939 ΑΛ.
565 1883 786 1953 Ἔγωγε.

405 1969 531 2020 ΣΩ.
588 1971 708 2020 Οἴει
738 1962 810 2019 ἂν
839 1958 943 2019 οὖν
968 1970 1258 2035 χαίροντας
1274 1963 1415 2035 ἡμᾶς
1435 1964 1572 2020 εἶναι
1593 1963 1726 2035 μετὰ
1745 1964 1949 2019 τοσού-

196 2053 231 2094 D
266 2067 378 2100 των
398 2048 748 2117 μαινομένων
767 2046 1253 2115 πολιτευομένους,
1285 2047 1376 2101 καὶ
1397 2044 1500 2100 οὐκ
1522 2042 1593 2100 ἂν
1612 2048 1951 2116 παιομένους

260 2131 351 2184 καὶ
381 2129 784 2200 βαλλομένους,
823 2127 915 2182 καὶ
943 2124 1083 2196 ἅπερ
1117 2127 1383 2182 εἰώθασιν
1413 2131 1467 2182 οἱ
1483 2126 1806 2196 μαινόμενοι
1825 2130 1949 2182 δια-

260 2209 625 2279 πράττεσθαι,
649 2210 817 2265 πάλαι
837 2207 901 2279 δὴ
927 2212 1088 2279 δίκην
1109 2211 1433 2276 δεδωκέναι;
1462 2207 1586 2265 ἀλλ’
1610 2207 1742 2278 ὅρα,
1775 2202 1820 2263 ῶ
1840 2230 1948 2280 μα·-

262 2291 445 2362 κάριε,
467 2290 540 2363 μὴ
563 2290 664 2362 οὐχ
684 2288 829 2346 οὕτω
849 2288 1007 2345 ταῦτ’
1024 2295 1143 2361 ἔχει.

403 2379 520 2429 ΑΛ.
573 2380 703 2438 Πῶς
723 2368 793 2428 ἂν
815 2366 920 2428 οὖν
937 2369 1051 2427 ποτ’
1073 2376 1202 2444 ἔχοι,
1225 2367 1270 2428 ῶ
1289 2373 1613 2442 Σῶκρατες;
1634 2371 1950 2427 κινδυνεύει

264 2475 369 2523 γαρ
391 2452 492 2523 οὐχ
512 2452 690 2519 οὕτως
710 2459 852 2526 ἔχειν
875 2452 1059 2525 ῶσπερ
1083 2453 1300 2528 ω’ήθην.

402 2541 528 2592 Σῼ.
591 2534 734 2591 Οὐδ’
756 2538 874 2606 ἐμοὶ
895 2541 1058 2592 δοκεῖ.
1083 2535 1223 2592 ἀλλὰ
1244 2539 1375 2609 τῇδέ
1391 2557 1465 2609 πῃ
1487 2534 1778 2607 ἆθρητέον.

400 2623 518 2674 ΑΛ.
572 2623 664 2691 Πῇ
684 2638 814 2674 ποτε
834 2622 1034 2689 λέγεις,

400 2706 526 2756 Σῼ.
578 2698 713 2771 Ἐγῶ
735 2701 802 2771 δή
823 2706 914 2756 σοί
927 2722 989 2770 γε
1010 2705 1131 2770 ἐρῶ.
1151 2699 1620 2772 ὑπολαμβάνομέν
1638 2721 1790 2763 τινας
1804 2697 1944 2754 εἶναι

258 2789 586 2847 νοσοῦντας·
621 2779 658 2854 ἦ
682 2781 781 2848 οὕς
