2028 3198
328 167 431 219 106
925 166 1400 214 ΠΛΑΤΩΝΟΣ

323 307 440 357 τῶν
458 300 681 364 ταύταις
701 300 983 369 ἑπομένων
997 340 1013 369 ,
1035 294 1107 353 ἀν
1125 299 1196 369 μὴ
1218 305 1569 369 κατοφθῶσι,
1591 298 1788 369 σχεδὸν
1808 297 1908 355 οὐκ
1928 297 1999 355 ἄν

328 403 459 438 ποτε
479 385 789 451 δυναίμεθα
810 384 1198 450 διακρίνασθαι
1215 379 1276 436 τὸ
1297 388 1406 436 νῦν
1427 382 1777 453 ζητούμενον.

468 467 637 517 ΠΡΩ.
698 460 926 517 Οὐκοῦν
949 464 1140 517 ίτέον’
1113 464 1198 518 επὶ
1219 461 1314 528 τὰς
1333 464 1546 520 τούτων
1566 467 1856 535 ξυγγενεῖς.

466 550 590 599 ΣΩ.
651 542 760 609 Τᾶς
780 545 841 599 ἐν
859 551 926 616 τῇ
945 547 1083 614 μίξει
1103 544 1479 611 κοινωνούσας
1497 549 1695 615 λέγεις;

467 631 636 681 ΠΡΩ.
692 625 856 681 Πανυ
875 647 977 696 μεν
996 628 1113 680 οὐν.

468 713 591 763 ΣΩ.
648 709 767 763 Εἰσὶ
796 711 986 763 τοίνυν
1015 710 1181 778 μίξεις
1210 711 1267 762 αἱ
1280 729 1382 778 μεν
1399 707 1537 763 κατά
1560 707 1618 764 τὸ
1640 714 1795 778 σῶμα
1815 710 1874 764 ἐν
1894 706 2000 762 αύ-

263 801 300 842 -Ο
330 799 440 853 τοῖς
458 799 567 853 τοῖς
583 787 850 859 στόμασιν,
869 792 929 843 αἱ
944 786 990 842 δ’
1011 786 1178 860 αὐτῆς
1193 795 1286 860 τῆς
1308 795 1478 860 ψυχῆς
1491 791 1552 844 ἐν
1567 796 1634 860 τῇ
1649 795 1793 860 ψυχῇ
1809 810 1819 820 ·
1842 788 1937 853 τοὶς
1955 788 1999 843 δ’

323 864 397 925 αὖ
410 877 504 941 τῆς
519 877 696 940 ψυχῆς
710 872 800 925 καὶ
815 877 918 925 τοῦ
934 870 1182 941 σώματος
1199 868 1577 942 ἀνευρήσομεν
1593 869 1770 936 λύπας
1780 868 2002 941 ἡδοναῖς

325 957 610 1023 μιχθείσας
638 952 757 1008 τοτὲ
785 953 888 1022 μὲν
917 950 1121 1023 ἡδονὰς
1140 950 1206 1006 τά
1230 953 1642 1023 ξυναμφότερα,
1680 954 1798 1008 τοτὲ
1819 953 1877 1007 δὲ
1899 951 1999 1008 λύ-

327 1055 432 1099 πας
451 1036 900 1104 ἐπικαλουμένας.

463 1121 631 1170 ΠΡΩ..
690 1121 846 1183 Πῶς;

467 1203 590 1252 ΣΩ.
642 1194 876 1252 Ὁπόταν
906 1201 967 1253 έν
999 1205 1067 1270 τῇ
1096 1198 1419 1254 καταστάσει
1447 1219 1526 1261 τις
1554 1193 1590 1267 ἢ
1620 1202 1684 1267 τῇ
1715 1199 1998 1266 διαφθορᾷ

328 1277 589 1334 τάναντία
610 1279 721 1349 ἅμα
742 1279 895 1350 πάθη
918 1279 1125 1352 πάσχῃ,
1166 1282 1294 1334 ποτὲ
1315 1281 1486 1349 ῥιγῶν
1503 1282 1735 1348 θέρηται
1754 1277 1842 1331 καὶ
1863 1284 1999 1345 θερ-

328 1360 658 1430 μαινόμενος
687 1363 857 1416 ἐνίοτε
887 1361 1149 1432 ψύχηται,
1191 1365 1390 1432 ζητῶν,
1428 1360 1601 1430 οἶμαι,
1639 1356 1699 1413 τὸ
1721 1359 1822 1428 μὲν
1841 1361 1997 1427 ἔχειν,

327 1448 430 1497 τοῦ
453 1440 504 1497 δ’
527 1440 998 1514 ἀπαλλάττεσθαι,
1021 1442 1080 1498 τὸ
1104 1441 1168 1514 δὴ
1189 1442 1488 1512 λεγόμενον
1508 1447 1685 1512 πικρῷ
1702 1439 1880 1510 γλυκὺ
1901 1461 1998 1509 με·

264 1538 298 1577 D
333 1526 623 1594 μιγμένον,
645 1523 778 1595 μετά
803 1529 1275 1589 δυσαπαλλακτιάς
1296 1523 1503 1595 παρόν,
1524 1523 1892 1594 ἀγανάκτησιν
1911 1523 1998 1576 καὶ

327 1604 563 1675 ὕστερον
583 1606 851 1661 σύντασιν
870 1604 1068 1675 ἀγρίαν
1086 1618 1243 1662 ποιεῖ.

468 1693 636 1742 ΠΡΩ.
696 1689 803 1743 Καὶ
823 1687 955 1758 μάλ’
977 1686 1180 1759 ἀληθὲς
1198 1689 1258 1743 τὸ
1281 1696 1386 1743 νῦν
1406 1687 1723 1759 λεγόμενον.

466 1775 587 1824 ΣΩ.
646 1767 872 1824 Οὐκοῦν
903 1773 962 1824 αί
987 1777 1234 1825 τοιαῦται
1262 1776 1428 1842 μίξεις
1456 1774 1515 1825 αἰ
1541 1769 1641 1840 μὲν
1671 1771 1723 1835 ἐξ
1745 1777 1879 1825 ἴσων
1899 1768 1999 1822 εἰσὶ

327 1857 518 1906 λυπῶν
537 1872 592 1905 τε
613 1852 702 1905 καὶ
722 1849 970 1921 ἡδονῶν,
994 1874 1046 1906 αι
1037 1851 1203 1907 δ’ἐκ
1222 1860 1335 1907 τῶν
1355 1854 1555 1922 ἑτέρων
1574 1851 1870 1938 πλειονων;

465 1936 632 1986 ΠΡΩ
689 1937 817 1995 Πῶς
845 1931 949 2001 γὰρ
974 1931 1067 1996 ού;

465 2018 589 2067 ΣΩ.
646 2013 784 2082 Λέγε
805 2012 871 2083 δὴ
891 2011 988 2078 τάς
1006 2013 1134 2083 μέν,
1157 2013 1293 2068 ὅταν
1311 2020 1531 2079 πλείους
1550 2021 1718 2070 λῦπαι
1736 2020 1849 2069 τῶν
1866 2011 2000 2083 ἡδο-

329 2102 445 2151 νῶν
474 2101 795 2165 γίγνωνται,
834 2093 928 2159 τὰς
947 2103 1041 2166 τῆς
1060 2095 1249 2166 φῶρας
1269 2099 1564 2166 λεγομένας
1583 2102 1691 2151 νῦν
1712 2093 1777 2166 δὴ
1800 2095 2000 2158 ταύτας

328 2178 466 2234 εἶναι
495 2179 584 2233 καὶ
612 2178 708 2242 τάς
737 2183 850 2232 τῶν
876 2183 1293 2248 γαργαλισμῶν,
1333 2170 1489 2232 *ῶν*
1521 2175 1728 2233 ὁπόταν
1759 2175 1910 2241 ἐντὸς
1941 2176 1997 2231 τὸ

327 2265 446 2327 ζέον
477 2253 512 2332 ᾗ
539 2261 630 2315 καὶ
659 2257 719 2314 τὸ
754 2268 1120 2330 φλεγμαῖνον,
1161 2266 1226 2332 τῇ
1246 2266 1423 2330 τρίψει
1445 2262 1503 2316 δὲ
1523 2262 1613 2316 καὶ
1632 2267 1700 2333 τῇ
1717 2260 1907 2331 κνήσει
1928 2257 1998 2329 μὴ

261 2359 296 2397 Ἐ
327 2344 620 2412 ἐφικνῆταί
631 2363 737 2410 τις,
769 2340 834 2396 τά
856 2340 907 2397 δ’
933 2344 1192 2412 ἐπιπολῆς
1211 2343 1388 2413 μόνον
1409 2344 1592 2415 διαχέῃ
1606 2385 1620 2412 ,
1658 2343 1777 2397 τοτὲ
1797 2342 1999 2410 φέρον-

327 2445 413 2487 τες
442 2428 516 2487 εἰς
545 2430 657 2491 πῦρ
691 2422 829 2478 αὐτὰ
861 2428 950 2480 καὶ
983 2429 1058 2490 εἰς
1087 2423 1416 2480 τούναντίον
1446 2423 1698 2495 ἀπορίαις
1728 2423 2003 2494 μεταβάλν

327 2512 532 2577 λοντες,
553 2508 726 2561 ἐνίοτε
747 2504 1061 2577 ἀμηχάνους
1079 2505 1308 2578 ἡδονάς,
1329 2509 1449 2561 τοτὲ
1469 2507 1527 2562 δὲ
1546 2504 1873 2561 τούναντίον
1893 2514 2002 2567 τοῖς

328 2586 480 2652 ἐντὸς
495 2587 632 2655 πρὸς
649 2588 744 2652 τὰς
762 2595 875 2643 τῶν
894 2594 993 2655 ἔξω
1014 2591 1191 2654 λύπας
1208 2586 1411 2659 ἡδονὰς
1428 2593 1903 2659 ξυγκερασθείσας,
1929 2590 2003 2649 εἰς

327 2668 550 2738 ὁπότερ’
589 2665 659 2724 ἀν
695 2672 859 2741 ρέψῃ,
901 2673 1236 2741 παρέσχοντο
1274 2677 1349 2744 τῷ
1389 2669 1452 2725 τά
1482 2671 1880 2739 συγκεκριμένα
1909 2671 2002 2737 βία

238 2775 297 2820 ..ῃ
331 2756 536 2822 διαχεῖν
565 2747 600 2821 ἢ
628 2749 694 2806 τά
725 2754 1111 2823 διακεκριμένα
1140 2764 1367 2822 συγχεῖν
1390 2753 1479 2806 καὶ
1515 2751 1656 2821 ὁμοῦ
1674 2750 1850 2814 λύπας
1870 2746 2004 2818 ἡδο-

330 2846 448 2899 ναῖς
467 2835 845 2903 παρατιθέναι.
