2028 3198
124 0 1071 59 &was-*mwvn2w*
1578 0 1594 27 2
1717 0 1746 45 ,·
1837 6 1849 14 .,

0 0 164 184 pm
223 78 225 80 ¹
347 91 353 95 ’
662 118 671 122 ·
729 80 1112 165 ΦΑιΔιᾶοΣ.
1355 110 1364 115 ’
1652 110 1758 165 241

218 255 343 307 ΣΩ.
402 258 523 308 Olet
551 247 676 306 τινὰ
704 242 812 303 οὖν
824 253 940 303 τῶν
955 247 1250 320 τοιούτων,
1289 246 1437 314 ὅστις
1452 247 1547 304 ’καὶ
1567 242 1725 302 ὃπωσ

77 340 238 389 τιοῦν
278 332 522 399 δύσνους
554 335 764 404 Λυσίᾳ,
801 328 1087 396 ὀνειδίζειν
1119 328 1255 386 αὐτὸ
1294 336 1458 386 τοῦτο
1496 327 1583 386 ὅτι
1617 343 1726 398 συγ

75 416 307 487 γράψω

216 503 368 554 ΦΑΙ.
426 495 656 552 Οὔκουν
685 493 830 559 εἰκός
854 515 919 564 γε
946 496 1001 560 ἐξ
1023 516 1102 549 ων
1123 493 1194 550 σύ
1211 495 1412 565 λέγεις·
1448 495 1541 551 καὶ
1560 493 1667 565 γὰρ
1686 515 1759 548 αν

75 585 143 651 τῇ
164 579 367 635 ἑαυτοῦ
384 581 677 652 ἐπιθυμία,
702 601 775 643 ως
793 582 1000 648 ἔοικεν,
1020 574 1288 643 ὀνειδίζοι.

212 666 319 717 XL.
395 666 518 717 ΣΩ.
584 666 761 716 Τοῦτο
781 657 934 731 μὲν”
899 680 1004 727 αρα
1019 661 1180 714 παντὶ
1197 662 1395 730 δῆλον,
1435 656 1523 714 ότι
1548 656 1652 714 οὐκ
1670 662 1825 714 occ-D

74 743 245 814 σχρόν
264 742 402 799 αὐτό
420 764 483 813 γε
501 740 562 798 τὸ
583 742 822 814 γράφειν
839 740 1053 812 λόγους.

220 831 370 882 ΦΑΙ.
435 830 504 880 Τί
518 824 653 894 γάρ;

215 914 339 965 ΣΩ.
390 906 536 963 Ἀλλ’
570 911 746 962 ἐκεῖνο
774 905 923 976 οἶμαι
949 902 1179 975 αἰσχρὸν
1206 903 1312 976 ἤδη
1325 947 1341 976 ,
1380 906 1440 960 τὸ
1472 902 1546 975 μὴ
1579 910 1761 969 καλῶς

72 994 253 1061 λέγειν
273 1013 330 1046 τε
349 991 440 1046 καὶ
459 988 725 1059 γράφειν,
744 985 869 1043 ἀλλ’
893 991 1127 1058 αἰσχρῶς
1143 1008 1200 1042 τε
1219 989 1312 1050 καὶ
1330 993 1527 1051 κακῶς.

218 1079 368 1129 ΦΑΙ.
425 1078 620 1143 Δῆλον
639 1070 725 1141 δή.

214 1160 339 1211 ΣΩ.
396 1159 491 1218 Τίς
510 1146 617 1208 οὖν
633 1149 663 1207 ὁ
682 1151 884 1219 τρόπος
901 1157 1003 1207 τοῦ
1019 1159 1199 1218 καλῶς
1214 1174 1272 1208 τε
1290 1151 1470 1224 καὶμὴ
1488 1151 1757 1224 γράφειν;

75 1237 318 1307 δεόμεθά
346 1259 426 1306 τι,
468 1228 511 1290 ὦ
530 1238 764 1303 Φαῖδρε,
799 1238 1016 1290 Λυσίαν
1042 1256 1101 1289 τε
1130 1236 1254 1304 περὶ
1272 1233 1487 1289 τούτων
1511 1232 1758 1299 ἐξετάσαι

74 1320 165 1374 καὶ
184 1318 357 1374 ἄλλον
370 1361 384 1387 ,
405 1315 556 1381 ὅστις
576 1316 798 1371 πώποτέ
813 1338 864 1371 τι
881 1319 1160 1387 γέγραφεν
1179 1314 1216 1387 ἦ
1234 1315 1450 1388 γράψει,
1473 1323 1581 1372 εἴτε
1598 1322 1758 1371 πολι-

71 1399 230 1455 τικὸν
248 1400 582 1470 σύγγραμμα
603 1406 707 1453 εἴτε
728 1396 1035 1469 ἰδιωτικόν,
1064 1400 1125 1453 ἐν
1142 1401 1319 1471 μέτρῳ
1341 1396 1414 1463 ὥς
1432 1397 1686 1470 ποιητής,
1718 1393 1756 1468 ἦ

72 1480 211 1538 ἄνευ
229 1484 434 1553 μέτρου
455 1479 527 1546 ὦς
546 1480 793 1551 ἰδιώτης,

212 1568 363 1619 ΦΑΙ.
417 1561 648 1635 Ἐρωτᾷς
677 1568 727 1618 εἰ
750 1563 1022 1633 δεόμεθα;
1059 1569 1207 1628 τίνος
1227 1564 1327 1634 μὲν
1347 1556 1453 1618 οὖν
1471 1565 1632 1619 ἕνεκα
1651 1561 1758 1618 κᾶν
1788 1577 1822 1618 Ε

78 1665 152 1710 τις
181 1643 256 1709 ὦς
287 1649 461 1700 εἰπεῖν
487 1644 624 1718 ζῴη,
665 1643 789 1700 ἀλλ’
821 1641 857 1716 ἦ
885 1651 1003 1700 τῶν
1029 1645 1299 1701 τοιούτων
1317 1643 1543 1718 ἡδονῶν
1562 1648 1756 1713 &veum

74 1724 144 1781 οὐ
187 1725 296 1796 γάρ
333 1747 445 1780 που
478 1728 707 1781 ἐκείνων
740 1748 804 1797 γε
842 1720 889 1782 ὦ
894 1749 924 1781 ν
959 1734 1392 1800 προλυπηθῆναι
1431 1731 1520 1783 δεῖ
1548 1723 1586 1799 ἦ
1621 1727 1759 1799 μηδὲ

74 1805 335 1879 ἡσθῆναι,
357 1806 389 1864 ὃ
409 1807 476 1879 δὴ
497 1807 687 1879 ὀλίγου
707 1815 878 1864 πᾶσαι
897 1813 959 1865 αἱ
972 1810 1176 1880 περὶτὰ
1198 1817 1356 1881 σῶμα
1376 1808 1574 1881 ἡδοναὶ
1593 1813 1755 1880 ἔχου-

71 1908 128 1947 σι
142 1911 155 1922 ·
194 1889 278 1945 διὸ
297 1892 387 1945 καὶ
407 1894 632 1955 δικαίως
649 1889 1098 1959 ἀνδραποδώδεις
1117 1894 1424 1963 κέκληνται.

211 1977 336 2028 ΣΩ.
390 1973 575 2042 Σχολή
598 1973 699 2043 μὲν
719 1973 814 2043 δη,
836 1971 910 2038 ὥς
929 1978 1071 2030 ἔοικε
1087 1995 1099 2007 ·
1135 1976 1227 2031 καὶ
1246 1974 1358 2046 ἅμα
1378 1996 1472 2046 μοι
1490 1977 1756 2031 δοκοῦσιν

72 2052 147 2119 ὥς
173 2057 236 2110 ἐν
264 2061 339 2127 τῷ
371 2059 552 2124 πνίγει
581 2052 722 2123 ὑπὲρ
751 2063 994 2128 κεφαλῆς
1021 2055 1182 2129 ἡμῶν
1202 2061 1260 2113 oc
1273 2060 1506 2127 τέττιγες
1524 2055 1757 2131 ᾄδοντες

70 2137 162 2192 καὶ
181 2135 439 2207 ἀλλήλοις
458 2136 840 2207 διαλεγόμενοι
857 2146 1130 2212 καθορᾷν.
1176 2144 1226 2195 εἰ
1242 2134 1348 2195 οὖν
1367 2143 1542 2195 ἴδοιεν
1561 2141 1651 2196 καὶ
1670 2141 1750 2214 νῷ
1781 2154 1873 2200 259

70 2218 329 2287 καθάπερ
354 2218 485 2283 τούς
515 2218 755 2283 πολλοὺς
782 2222 843 2274 ἐν
870 2226 1180 2293 μεσημβρία
1208 2219 1282 2291 μὴ
1308 2224 1751 2294 διαλεγομένους,

70 2299 209 2357 ἀλλὰ
230 2299 598 2367 νυστάζοντας
616 2301 707 2355 καὶ
727 2304 1105 2373 κηλουμένους
1123 2300 1228 2373 ὑφ’
1249 2299 1436 2358 αὑτων
1456 2300 1531 2359 δι’
1552 2302 1756 2375 ἀργίαν

31 2406 33 2409 ·
70 2390 165 2454 τῆς
186 2386 457 2448 διανοίας,
495 2378 771 2446 denectens*
733 2405 806 2437 αν
824 2390 1197 2459 καταγελωεν,
1218 2382 1523 2457 ἡγούμενοι
1540 2382 1755 2457 άνδρά-

13 2488 41 2563 3
69 2469 213 2520 ποδα
242 2462 375 2519 ἅττα
392 2469 585 2534 σφίσιν
603 2464 843 2519 ἐλθόντα
863 2470 939 2530 εἰς
956 2465 1017 2522 τό
1039 2465 1384 2538 καταγώγιον
1403 2484 1591 2536 ωσπερ
1611 2486 1753 2536 προ-

22 2544 231 2619 βάτια
270 2533 755 2616 μεσημβριάζοντα
781 2549 906 2614 περὶ
940 2547 1043 2620 τήν
1073 2549 1287 2622 κρήνην
1315 2547 1525 2605 εὕδειν·
1565 2548 1665 2605 ἐάν
1694 2550 1754 2606 δὲ

30 2624 240 2696 ὃρωσι
259 2630 683 2698 διαλεγομένους
701 2630 791 2684 καὶ
811 2632 1227 2699 παραπλέοντάς
1246 2648 1391 2703 σφας
1413 2630 1598 2701 ω’σπερ
1617 2639 1752 2689 Σει-

68 2714 242 2780 ρῆνας
259 2708 584 2781 άκηλήτους,
607 2706 637 2763 ὸ
629 2709 819 2780 γ’έρας
840 2711 987 2782 παρὰ
1007 2720 1162 2770 θεων
1185 2718 1407 2785 ἔχουσιν
1424 2711 1749 2782 ἀνθρώποις
1779 2735 1812 2776 Β

69 2790 313 2861 διδόναι,
333 2790 452 2861 τάχ’
476 2788 549 2845 ἂν
568 2796 717 2847 δοῖεν
737 2791 1085 2863 ἀγασθέντες.

207 2869 360 2915 Puro
401 2871 452 2915 11.
1442 2880 1491 2923 16
