2028 3198
0 0 184 56 ,ΕΞ-ἰτ
203 8 212 19 .
229 24 244 38 κ
292 0 323 46 ⁴„

70 161 131 212 47
651 154 1180 203 ΣΤΜΠΟΣΙΟΝ.
1652 152 1754 204 185

71 292 238 349 εἶναι·
274 291 410 363 μετὰ
447 293 506 347 δὲ
535 286 602 344 τὰ
633 286 1033 358 ἐπιτηδεύματα
1061 288 1148 342 ἐπὶ
1176 284 1272 351 τὰς
1301 285 1598 356 ἐπιστήμας
1615 283 1752 356 ἄγα-

0 422 4 436 ,
69 387 216 445 γεῖν,
249 376 343 430 ἵνα
382 377 473 445 ἴδῃ
510 365 585 426 αὖ
618 372 932 440 ἐπιστημῶν
970 367 1197 439 κάλλος,
1235 370 1326 424 καὶ
1361 371 1579 439 βλέπων
1616 366 1756 438 πρὸς

0 461 30 530 ι
71 456 218 512 πολὺ
246 454 352 526 ἤδη
380 454 441 510 τό
472 451 645 508 καλὸν
674 453 865 523 μηκέτι
893 456 970 523 τῷ
997 448 1135 519 παρ’
1163 452 1272 522 ἑνί,
1311 449 1496 520 ῶσπερ
1525 453 1820 521 οἰκέτης,Ι)

71 538 304 608 ἀγαπῶν
322 539 620 607 παιδαρίου
640 534 841 599 κάλλος
858 527 895 604 ἦ
913 506 1225 602 ὀινθρῶπου
1244 531 1394 597 τινός
1411 556 1444 604 η
1425 528 1754 603 ”ε’πιτηδευ’-

70 641 238 690 ματος
260 620 398 690 ἑνός,
420 618 708 675 δουλεύων
726 622 940 688 φαῦλος
958 609 995 688 ᾗ
1013 617 1104 671 καὶ
1126 615 1504 686 σμικρολόγος,
1525 612 1648 670 αλλ’
1670 616 1755 671 ἐπὶ

70 701 129 758 τὸ
169 704 312 759 πολὺ
358 705 595 772 πέλαγος
630 702 995 771 τετραμμένος
1031 703 1131 753 τοῦ
1177 702 1352 752 καλοῦ
1389 700 1476 752 καὶ
1518 704 1766 767 θεωρῶν·

69 784 309 851 πολλοὺς
339 785 430 840 καὶ
458 781 662 848 καλούς
690 782 890 851 λόγους
917 782 1007 836 καὶ
1035 787 1463 850 μεγαλοπρεπεῖς
1491 786 1644 853 τίκτῃ
1663 781 1755 837 καὶ

72 867 410 939 διανοήματα
430 869 491 921 ἐν
510 870 812 937 φιλοσοφίᾳ
830 861 1096 936 ἀφθόνῳ,
1133 864 1236 927 ἕως
1265 859 1338 918 ὀίν
1366 867 1612 919 ἐνταῦθα
1642 865 1753 935 ῥω-

69 952 223 1015 σθεὶς
244 950 335 1005 καὶ
354 947 615 1020 αὐξηθεὶς
641 950 834 1018 κατίδῃ
853 944 972 1001 τινὰ
998 946 1301 1018 ἐπιστήμην
1320 949 1453 1016 μίαν
1472 945 1752 1016 τοιαύτην,

67 1030 104 1103 ἦ
123 1034 234 1087 ἐστι
252 1037 428 1087 καλοῦ
447 1033 678 1086 τοιοῦδε.
719 1035 890 1098 πειρῶ
910 1030 973 1084 δέ
988 1050 1106 1098 μοι,
1139 1031 1243 1099 ἔφη
1259 1071 1272 1096 ,
1294 1029 1392 1084 τὸν
1412 1034 1555 1084 νοῦν
1574 1045 1748 1099 προσ-
1779 1041 1811 1080 Ε

69 1117 210 1183 ε’χειν
231 1110 303 1178 ὡς
323 1109 443 1168 οἷόν
460 1134 518 1168 τε
541 1113 790 1183 μάλιστα.

210 1202 390 1251 ΧΧΙΧ.
443 1197 543 1261 “Ος
571 1194 678 1266 γὰρ
707 1191 779 1250 ἂν
807 1197 962 1265 μέχρι
991 1197 1238 1250 ἐνταῦθα
1269 1192 1407 1263 πρὸς
1434 1191 1499 1249 τὰ
1519 1191 1751 1263 ἐρωτικὰ

69 1282 498 1350 παιδαγωγηθῇ,
536 1278 823 1348 θεώμενος
850 1279 1044 1347 ἐφεξῆς
1072 1299 1130 1332 τε
1162 1279 1251 1333 καὶ
1283 1275 1470 1347 ὀρθῶς
1497 1275 1562 1332 τὰ
1593 1275 1752 1347 καλά,

68 1360 206 1429 πρὸς
228 1364 379 1427 τέλος
405 1359 511 1432 ἤδη
543 1359 645 1417 ἰῶν
666 1366 777 1415 τῶν
807 1361 1086 1429 ἐρωτικῶν
1107 1362 1365 1430 ἐξαίφνης
1390 1358 1691 1425 κατόψεταί
1702 1381 1753 1413 τι

68 1442 398 1515 θαυμαστὸν
416 1442 520 1514 τὴν
541 1443 716 1513 φύσιν
737 1441 935 1512 καλόν,
957 1447 1120 1497 τοῦτο
1142 1446 1317 1497 ἐκεῖνο
1332 1484 1347 1512 ,
1374 1434 1420 1497 ῶ
1439 1439 1751 1509 Σώκρατες,

67 1520 139 1581 οὗ
159 1526 225 1597 δὴ
247 1527 436 1582 ἕνεκεν
457 1527 547 1581 καὶ
577 1529 633 1581 οἰ
658 1530 977 1596 ἔμπροσθεν
1003 1523 1204 1588 πάντες
1223 1524 1386 1578 πόνοι
1403 1517 1574 1594 ἦσαν,
1599 1528 1753 1593 πρῶ-

67 1630 165 1664 τον
198 1611 300 1679 μὲν
337 1607 419 1664 ἀεὶ
459 1603 526 1664 ὂν
562 1609 651 1662 καὶ
681 1604 809 1662 οὔτε
833 1605 1167 1677 γιγνόμενον
1196 1605 1323 1662 οὔτε
1343 1603 1748 1676 ἀπολλύμενον,
1781 1620 1862 1666 211

8 1760 18 1769 μ
67 1690 194 1746 οὕτε
217 1689 599 1761 αὐξανόμενον
619 1689 745 1744 οὔτε
766 1696 1004 1759 φθῖνον,
1042 1693 1225 1744 ἔπειτα
1257 1688 1324 1744 οὐ
1353 1694 1419 1761 τῇ
1438 1687 1539 1758 μὲν
1559 1686 1751 1756 καλόν,

67 1778 131 1844 τῇ
154 1769 206 1827 δ’
235 1772 491 1843 αἰσχρόν,
529 1769 658 1827 οὐδὲ
676 1773 796 1827 τοτὲ
814 1774 942 1842 μέν,
977 1771 1096 1826 τοτὲ
1123 1769 1176 1826 δ’
1210 1769 1305 1841 οὕ,
1345 1769 1475 1825 οὐδὲ
1494 1768 1634 1839 πρὸς
1650 1772 1753 1841 μὲν
1781 1800 1784 1805 ·

69 1854 130 1909 τὸ
153 1853 351 1922 καλόν,
372 1852 512 1923 πρός
533 1853 591 1909 δὲ
610 1853 669 1908 τό
694 1852 946 1923 αἰσχρόν,
968 1851 1090 1908 οὐδ’
1115 1857 1254 1909 ἔνθα
1275 1852 1376 1924 μὲν
1395 1851 1586 1924 καλόν,
1609 1856 1751 1908 ἔνθα

69 1938 126 1991 δὲ
144 1935 389 2006 αἰσχρόν,
414 1932 486 2000 ὥς
502 1936 608 1991 τισὶ
627 1935 778 2006 μὲν
746 1957 814 1991 ον
833 1935 1026 2006 καλόν,
1050 1938 1158 1993 τισὶ
1178 1938 1237 1992 δὲ
1257 1936 1510 2007 αἰσχρόν·
1532 1932 1656 1991 οὐδ’
1678 1928 1753 1991 αὖ

67 2017 519 2089 φαντασθήσεται
556 2015 705 2092 αὐτῷ
740 2016 802 2073 τὸ
840 2017 1015 2074 καλὸν
1051 2014 1172 2075 οἷον
1206 2018 1510 2090 πρόσωπόν
1533 2040 1583 2073 τι
1622 2015 1753 2075 οὐδε

12 2110 239 2171 χεῖρες
266 2098 396 2156 οὐδε
427 2098 563 2156 αλλο
593 2074 758 2157 οὐδὲν
784 2123 865 2156 ων
889 2108 1045 2172 σῶμα
1066 2104 1299 2173 μετέχει,
1339 2099 1477 2156 οὐδέ
1491 2123 1570 2165 τις
1590 2100 1754 2170 λόγος

67 2180 202 2238 οὐδὲ
221 2203 300 2246 τις
320 2182 604 2253 ἐπιστήμη,
625 2179 761 2238 οὐδέ
776 2203 887 2238 που
907 2179 976 2238 ὂν
996 2185 1103 2239 ἐν’
1076 2187 1238 2256 ετέρῳ
1259 2188 1383 2250 τινί,
1407 2178 1527 2238 οἷον
1548 2185 1609 2237 ἐν
1631 2181 1750 2254 ζώω

67 2285 99 2335 η
78 2259 180 2319 ’ἐν
199 2268 269 2333 γῇ
296 2258 333 2333 ἦ
362 2265 423 2318 ἐν
442 2261 664 2338 ουρανῷ
690 2260 727 2335 ἢ
747 2270 807 2320 έν
827 2287 902 2339 τῳ
928 2264 1103 2338 ἄλλῳ,
1130 2263 1269 2320 ἀλλὰ
1302 2262 1435 2320 αὐτὸ
1454 2261 1588 2320 καθ’
1612 2261 1747 2320 αὑτὸ
1782 2278 1815 2321 Β

64 2343 199 2417 μεθ’
238 2342 415 2400 αὑτοῦ
450 2346 731 2415 μονοειδὲς
767 2343 851 2402 ἀεὶ
886 2347 979 2417 ὅν,
1017 2345 1083 2402 τὰ
1122 2347 1180 2403 δὲ
1218 2346 1357 2403 ἄλλα
1394 2347 1574 2403 πάντα
1610 2345 1751 2403 καλοὶ

35 2430 283 2497 3,ἐκείνου
301 2427 593 2498 μετέχοντα
608 2427 817 2495 τρόπον
833 2429 955 2484 τινὰ
974 2435 1246 2499 τοιοῦτον,
1267 2423 1389 2484 οἷον
1406 2430 1752 2501 γιγνομένων

35 2506 123 2587 ’.τε
163 2516 275 2566 τῶν
312 2508 499 2565 ἄλλων
537 2511 628 2566 καὶ
665 2508 1070 2582 ἀπολλυμένων
1105 2511 1276 2582 μηδὲν
1312 2513 1488 2567 ἐκεῖνο
1526 2512 1661 2584 μήτε
1701 2534 1753 2568 τι

65 2594 238 2650 πλέον
254 2593 386 2665 μήτε
418 2597 642 2648 ἔλαττον
662 2599 952 2663 γίγνεσθαι
969 2594 1107 2664 μηδὲ
1128 2592 1359 2665 πάσχειν
1387 2595 1574 2665 μηδέν.
1613 2591 1751 2648 ὅταν

68 2672 138 2749 δή
174 2696 258 2743 τις
293 2673 403 2731 ἀπὸ
441 2678 615 2731 τῶνδε
648 2674 738 2731 διὰ
767 2675 827 2731 τό
861 2674 1050 2747 ὀρθῶς
1084 2680 1469 2748 παιδεραστεῖν
1506 2674 1751 2731 ἐπανιών

70 2757 324 2817 mv&
344 2757 518 2814 καλὸν
537 2755 765 2828 ἄρχηται
796 2766 1079 2832 καθορᾷν,
1117 2757 1315 2830 σχεδὸν
1342 2757 1414 2815 ἄν
1443 2780 1493 2813 τι
1522 2757 1748 2814 ἅπτοιτο

69 2843 171 2895 ποῦ’
192 2842 396 2907 τέλους.
434 2847 596 2895 τοῦτο
625 2839 732 2910 γὰρ
764 2840 831 2911 δή
860 2843 973 2896 ἐστι
1002 2841 1062 2897 τὸ
1085 2840 1273 2910 ὀρθῶς
1301 2842 1386 2896 ἐπὶ
1417 2838 1483 2896 τὰ
1515 2837 1744 2908 ἐρωτικὰ
