2028 3198
76 0 90 4 -·
114 0 234 23 :own-.-
270 0 387 22 *·'·-‘.‘·.
421 0 444 13 -ν
475 0 568 19 'aaa
590 0 630 10 w
670 8 693 26 ,4
739 0 772 8 Γ
803 0 856 15 ·.-·
887 0 891 4 ’

93 29 142 43 ι.»
171 24 227 45 .’”’
314 31 319 37 ·
390 22 395 35 ⁷
432 30 441 35 ·
475 21 489 28 ”
547 31 549 34 ’

597 153 1188 202 ΠΑΡΜΕΝΙΔΗΣ.
1666 153 1733 207 47

58 285 131 358 μὴ
155 286 297 343 εἶναι’
310 309 387 357 τι,
427 287 544 351 πῶς
562 282 667 341 οὐκ
687 283 830 340 εἶναί
848 306 1031 356 φαμεν
1059 285 1222 358 αὐτό,
1260 286 1377 352 πῶς
1406 286 1466 344 δὲ
1497 285 1661 355 εἶναι;
1698 284 1736 360 ἦ

60 374 220 424 τοῦτο
250 367 311 424 τὸ
343 366 416 439 μή
446 372 559 423 ἔστι
575 367 880 438 λεγόμενον
899 364 1084 432 ἁπλῶς
1103 374 1356 439 σημαίνει
1372 368 1458 426 ὅτι
1478 367 1734 442 οὐδαμῶς

58 447 279 522 οὐδαμῇ
296 453 445 505 ἔστιν
459 447 592 505 οὐδέ
608 468 685 520 πῃ
699 450 907 519 μετέχει
923 445 1113 514 οὐσίας
1125 450 1188 506 τό
1202 472 1264 521 γε
1282 451 1356 522 μὴ
1375 449 1468 516 ὄνς
1499 450 1737 510 τΑσιελού-

63 549 231 586 στατα
250 532 354 601 μὲν
371 524 491 586 οὖν.
546 530 691 586 Οὔτε
721 530 829 600 ἄρα
849 529 988 586 εἶναι
1006 530 1230 587 δύναιτο
1252 527 1325 587 ἄν
1344 531 1404 588 τὸ
1426 533 1499 604 μὴ
1520 530 1589 589 ὂν
1607 532 1735 590 οὔτε

60 611 238 676 ἄλλως
256 611 510 684 οὐδαμῶς
533 611 723 678 οὐσίας
741 615 998 684 μετέχειν.
1057 611 1143 668 Οὐ
1179 613 1302 682 γάρ.
1366 611 1440 669 Τὸ
1473 614 1531 670 δὲ
1548 620 1736 686 γίγνε-
1763 629 1800 669 D

60 702 195 750 σθαι
213 698 303 750 καὶ
320 694 382 750 τὸ
404 694 756 752 ἀπόλλυσθαι
774 696 848 767 μή
869 717 918 751 τι
938 692 1072 750 ἄλλο
1093 689 1145 767 ᾗ,
1164 690 1202 766 ἢ
1221 693 1282 750 τὸ
1306 696 1408 765 μὲν
1427 695 1618 762 οὐσίας
1636 719 1734 769 με·-

60 777 459 848 ταλαμβάνειν,
496 775 557 833 τό
579 776 632 832 δ’
653 776 960 833 ἀπολλύναι
979 776 1203 844 οὐσίαν;
1242 775 1428 833 Οὐδὲν
1455 777 1606 834 ἄλλο.
1648 773 1736 835 Ὧι

63 862 125 914 δέ
159 880 221 928 γε
255 858 427 930 μηδὲν
459 859 663 915 τούτου
709 862 984 931 μέτεστιν,
1034 857 1156 914 οὔτ’
1194 855 1266 914 o'c'v
1303 859 1575 932 λαμβάνοι
1610 859 1734 916 οὔτ’

61 940 331 997 ἀπολλύοι
369 939 521 997 αὐτό.
577 948 707 1006 Παῖς
740 942 875 1013 γάρ;
920 947 1011 1015 Τῷ
1030 943 1119 1009 ,ἑνὶ
1139 939 1274 1012 ἄρα,
1312 939 1497 1013 ἐπειδὴ
1519 940 1737 1016 οὐδαμῇ

63 1028 235 1092 ἔστιν,
270 1021 403 1079 οὔθ’
438 1025 625 1079 ἑκτέον
651 1022 779 1078 οὔτε
807 1022 1190 1080 ἀπαλλακτέον
1215 1021 1345 1079 οὔτε
1363 1027 1735 1095 μεταληπτέον

61 1104 252 1172 οὐσίας
269 1104 539 1177 οὐδαμῶς.
577 1106 759 1170 Εἰκός.
811 1104 953 1162 Οὕτ’
972 1104 1064 1174 ἄρ’
1088 1104 1393 1162 ἀπόλλυται
1410 1104 1471 1161 τὸ
1493 1105 1564 1178 μὴ
1589 1103 1655 1162 ὂν
1675 1108 1736 1162 ἓν

63 1186 190 1243 οὔτε
210 1193 478 1258 γίγνεται,
517 1190 737 1257 ἐπείπερ
767 1185 985 1260 οὐδαμῇ
1014 1192 1220 1260 μετέχει
1251 1187 1457 1253 οὐσίας.
1497 1186 1583 1244 Οὐ
1603 1194 1735 1259 φαί-

63 1290 227 1325 νεται.
266 1267 405 1326 Οὐδ’
427 1267 519 1339 ἄρ’
541 1268 860 1325 ἀλλοιοῦται
879 1269 1124 1342 οὐδαμῇ·
1144 1271 1250 1342 ἤδη
1270 1271 1376 1342 γὰρ
1398 1267 1470 1326 ἂν
1488 1272 1733 1342 γίγνοιτό
1765 1287 1796 1330 Ε

62 1373 118 1407 τε
138 1352 228 1407 καὶ
246 1349 579 1407 ἀπολλύοιτο
599 1358 763 1407 τοῦτο
786 1352 1012 1424 πάσχον.
1062 1352 1283 1425 Ἀληθῆ.
1339 1359 1412 1410 Εἰ
1441 1354 1500 1409 δὲ
1530 1351 1603 1424 μὴ
1636 1352 1737 1409 ἀλ-

61 1441 334 1500 λοιοῦται,
373 1432 477 1489 οὐκ
514 1432 729 1506 ἀνάγκη
769 1435 905 1506 μηδὲ
941 1444 1243 1502 κινεῖσθαι;
1275 1433 1528 1507 Ἀνάγκη.
1589 1434 1736 1492 Οὐδὲ

59 1514 172 1588 μὴν
193 1516 414 1572 ἑστάναι
433 1516 687 1588 φήσομεν
715 1516 775 1573 τό
797 1523 1054 1590 μηδαμοῦ
1074 1518 1155 1574 ὅν.
1195 1516 1255 1573 τὸ
1278 1516 1386 1588 γὰρ
1406 1515 1560 1583 ἑστὸς
1578 1520 1640 1573 ἐν
1660 1524 1735 1589 τῷ

61 1597 212 1673 αὐτῷ
232 1600 339 1655 τινὶ
358 1602 445 1654 δεῖ
457 1597 540 1654 ἀεὶ
562 1598 716 1654 εἶναι.
770 1606 862 1673 Τῷ
878 1600 1028 1675 αὐτῷ
1043 1624 1054 1635 ·
1085 1608 1199 1666 πῶς
1217 1600 1322 1672 γὰρ
1343 1599 1436 1664 οὕ;
1476 1598 1642 1656 Οὕτω
1668 1601 1735 1671 δὴ

63 1679 199 1737 αὐτὸ
231 1680 304 1752 μὴ
338 1677 407 1736 ὂν
434 1683 567 1752 μήτε
597 1680 733 1737 ποθ’
767 1683 987 1738 ἑστάναι
1014 1683 1148 1755 μήτε
1175 1691 1452 1738 κινεῖσθαι
1473 1686 1734 1754 λέγωμεν.

67 1762 166 1834 Μὴ
182 1763 293 1834 γὰρ
313 1757 433 1819 οὐν.
487 1760 648 1819 Ἀλλὰ
667 1764 778 1836 μὴν
798 1762 921 1820 οὐδ’
956 1769 1068 1820 ἔστι
1084 1787 1146 1835 γε
1165 1762 1317 1839 αὐτῷ
1336 1787 1388 1819 τι
1406 1770 1519 1820 τῶν
1538 1763 1733 1820 ὄντων.

61 1846 169 1918 ἤδη
198 1844 305 1916 γὰρ
334 1845 409 1900 ἄν
435 1867 538 1901 του
565 1848 790 1916 μετέχον
821 1846 980 1911 ὄντος
1019 1846 1210 1912 οὐσίας
1247 1849 1472 1918 μετέχοι.
1527 1855 1734 1920 Δῆλον.
1766 1866 1849 1912 164

30 1953 37 1965 ·
60 1928 205 1985 Οὔτε
225 1927 332 1998 ἄρα
349 1930 584 1999 μέγεθος
603 1926 730 1984 οὔτε
750 1928 1044 2000 σμικρότης
1063 1928 1191 1984 οὔτε
1207 1928 1388 2000 ἰσότης
1404 1927 1553 2005 αὐτῷ
1571 1935 1733 1987 ἔστιν.

30 2070 41 2088 ,
61 2009 149 2068 Οὐ
167 2011 287 2082 γάρ.
328 2009 474 2067 Οὐδὲ
492 2012 603 2083 μὴν
623 2009 878 2084 ὁμοιότης
894 2035 956 2084 γε
977 2010 1107 2070 οὐδὲ
1123 2012 1428 2084 ἑτεροιότης
1447 2011 1577 2069 οὔτε
1597 2012 1734 2083 πρὸς

27 2158 37 2167 .
61 2091 197 2150 αὐτὸ
219 2091 347 2149 οὔτε
366 2090 504 2164 πρὸς
525 2092 666 2149 ἅλλα
687 2102 769 2165 εἴη
798 2091 871 2150 ἄν
890 2094 1054 2171 αὐτῷ.
1112 2093 1199 2152 Οὐ
1229 2101 1495 2166 φαίνεται.
1556 2100 1624 2150 Τί
1649 2098 1713 2151 δέ
1721 2119 1732 2158 ;

44 2169 230 2232 ’τᾶλλα
251 2175 374 2233 ἐσθ’
399 2174 548 2242 ὅπως
576 2173 648 2232 ἄν
677 2185 759 2249 εἴη
789 2177 966 2253 αὐτῷ,
1007 2184 1057 2235 εἰ
1082 2179 1252 2250 μηδὲν
1281 2175 1432 2252 αὐτῷ
1455 2181 1542 2233 δεῖ
1563 2175 1730 2244 εἷναι;

58 2256 182 2314 Οὐκ
209 2262 370 2315 ἔστιν.
426 2258 567 2316 Οὕτ’
608 2259 702 2330 ἄρ’
744 2259 907 2331 ὅμοια
935 2259 1061 2315 οὔτε
1090 2259 1356 2331 ἀνόμοια,
1395 2258 1524 2316 οὔτε
1559 2258 1729 2316 ταύτὰ

56 2338 191 2395 οὔθ’
213 2341 372 2412 ἕτερά
390 2343 539 2398 ἐστιν
557 2340 706 2416 αὐτῷ
726 2341 791 2397 τὰ
813 2341 965 2398 ἄλλα.
1017 2341 1103 2399 Οὐ
1122 2342 1242 2414 γάρ.
1298 2348 1368 2399 Τι’
1382 2345 1470 2410 δέ;
1507 2341 1568 2398 τὸ
1592 2347 1732 2399 ἐκεί-

62 2442 167 2477 νου
184 2419 221 2493 ἢ
238 2421 299 2477 τό
322 2426 541 2497 ἐκείνῳ,
562 2421 598 2495 ἦ
617 2423 678 2479 τὸ
698 2430 775 2493 τί,
796 2421 832 2496 ἢ
852 2423 911 2480 τὸ
933 2432 1095 2482 τοῦτο
1117 2421 1227 2497 ἦτὸ
1251 2425 1480 2490 τούτου,
1499 2419 1536 2496 ἦ
1555 2423 1731 2481 ἄλλον

56 2499 92 2574 ἢ
123 2503 300 2577 ἄλλῳ,
337 2501 373 2575 ἢ
402 2505 530 2560 ποτὲ
563 2502 599 2575 ἦ
630 2509 812 2561 ἔπειτα
844 2503 881 2577 ἦ
913 2513 1048 2574 νῦν,
1085 2503 1123 2579 ἢ
1151 2508 1415 2578 ἐπιστήμη
1454 2502 1489 2578 ἦ
1526 2507 1659 2573 δόξα
1695 2504 1732 2579 ἦ
1766 2525 1794 2563 13

55 2593 318 2658 αἴσθησις
344 2583 378 2657 ἦ
413 2586 575 2656 λόγος
604 2583 638 2657 ἢ
666 2584 840 2658 ὄνομα
860 2584 895 2659 ἢ
914 2587 1047 2645 ἄλλο
1066 2586 1255 2646 ὁτιοῦν
1277 2596 1390 2645 τῶν
1408 2587 1590 2645 ὄντων
1610 2591 1732 2659 περὶ

57 2666 119 2723 τὸ
138 2668 212 2739 μὴ
233 2664 299 2723 ὂν
319 2673 493 2733 ἔσταις
537 2665 656 2724 Οὐκ
681 2672 848 2726 ἔσται.
899 2669 1064 2727 Οὕτω
1096 2671 1163 2743 δὴ
1196 2674 1256 2727 ἓν
1280 2669 1384 2727 οὐκ
1416 2665 1484 2725 ὃν
1501 2669 1603 2726 οὐκ
1624 2676 1729 2740 ἔχει

60 2768 175 2815 πως
192 2747 423 2822 οὐδαμῇ.
465 2749 693 2805 Οὔκουν
713 2750 780 2821 δι)
803 2755 948 2808 ἔοικέ
963 2774 1024 2823 γε
1044 2750 1261 2826 οὐδαμῇ
1281 2757 1436 2823 ἔχειν.

196 2836 376 2888 xxw.
439 2831 550 2888 Ἔτι
573 2831 639 2904 δὴ
662 2837 933 2904 λέγωμεν,
972 2836 1033 2889 ἓν
1067 2839 1116 2891 εἰ
1140 2833 1212 2906 μὴ
1244 2838 1383 2905 ἔστι,
1422 2833 1487 2889 τὰ
1520 2833 1662 2891 ἄλλα
1683 2842 1737 2892 τί
