2028 3198
317 161 422 212 352
925 165 1370 213 ΙΠΠΑΡΧΟΣ.
1934 173 1991 217 821

317 304 437 369 μῆς,
461 297 545 353 ὅτι
565 299 624 352 ἐν
642 300 788 370 μέσῳ
809 317 910 352 του
932 295 1125 362 άστεος
1144 297 1235 353 καὶ
1254 304 1353 353 τοῦ
1376 297 1598 370 δημου”
1577 301 1830 373 ἕστηκεν,
1850 301 1912 353 ἐν
1933 300 1991 355 δε

318 392 430 445 τοῖς
448 382 534 436 ἐπὶ
554 379 700 445 δεξιά

488 467 675 532 μνῆμα
693 458 812 516 τόδ’
828 458 1150 531 Ἱππάρχου·
1191 474 1362 533 στεῖχε
1391 467 1574 519 δίκαια
1596 467 1828 533 φρονῶν

317 550 503 613 φησίν.
545 547 658 598 ἔστι
682 545 739 598 δὲ
759 550 874 599 τῶν
893 543 1212 614 ποιημάτων
1231 547 1322 601 καὶ
1341 545 1479 602 ἄλλα
1499 548 1561 602 ἐν
1579 542 1991 615 ἄλλοιςἙρμαΐς

316 624 493 681 πολλὰ
513 628 604 681 καὶ
622 624 762 681 καλά
785 628 1222 697 ἐπιγεγραμμένα
1237 650 1249 662 ·
1287 632 1399 683 ἔστι
1428 627 1486 683 δὲ
1513 629 1578 699 δὴ
1601 629 1690 683 καὶ
1719 633 1881 682 τοῦτο
1902 628 1986 681 ἐπὶ

315 715 382 780 τῇ
398 715 695 781 Στειριακῇ
717 707 829 780 ὁδῷ
840 751 855 778 ,
878 712 937 763 ἐν
956 702 1002 784 ᾦ
1021 711 1168 779 λέγει

252 806 285 847 Β
484 797 671 862 μνῆμα
691 791 811 846 τόδ’
833 790 1158 862 Ἱππάρχου·
1198 788 1271 862 μὴ
1295 797 1460 859 φίλον
1479 790 1732 856 ἐξαπάτα.

313 872 418 942 ἐγώ
440 867 545 928 οὗν
569 876 628 928 σὲ
649 876 767 944 ἐμοὶ
788 873 922 929 ὄντα
942 880 1108 946 φίλον
1129 872 1197 929 οὐ
1227 873 1407 944 δήπου
1426 873 1682 947 τολμῴην
1701 868 1773 926 ἄν
1793 874 1990 937 ἐξαπα-

312 962 417 1028 τᾷν
435 958 526 1012 καὶ
547 959 736 1031 ἐκείνω
757 959 989 1031 τοιούτῳ
1013 956 1134 1013 δ’ντι
1154 953 1400 1011 άπιστεῖν
1414 998 1428 1026 ,
1466 950 1535 1011 οὗ
1553 957 1642 1011 καὶ
1663 953 1989 1010 ἀποθανόν-

318 1059 410 1102 τος
428 1044 550 1107 τρία
570 1043 659 1109 ἔτη
682 1040 1177 1110 ἐτυραννεύθησαν
1193 1037 1476 1109 Ἀθηναῖοι
1492 1037 1599 1093 ὑπὸ
1619 1043 1722 1093 τοῦ
1739 1036 1988 1107 ἀδελφοῦ

316 1116 742 1190 αὐτοῦἾππίου,
765 1123 856 1177 καὶ
876 1122 1101 1176 πάντων
1122 1117 1194 1176 ἄν
1213 1127 1325 1177 τῶν
1345 1127 1594 1176 παλαιῶν
1612 1119 1881 1191 ἤκουσας,
1903 1117 1986 1175 ὅτι

312 1207 485 1256 ταῦτα
503 1202 680 1273 μόνον
699 1203 766 1258 τὰ
786 1208 876 1274 ἔτη
896 1206 1159 1272 τυραννὶς
1179 1206 1393 1273 ἐγένετο
1414 1206 1476 1258 ἐν
1492 1202 1776 1273 Ἀθήναις,
1811 1200 1911 1256 τὸν
1930 1197 1980 1257 δ’

311 1282 483 1340 ἄλλον
500 1285 706 1356 χρόνον
726 1287 890 1357 ἐγγύς
908 1309 958 1343 τι
994 1292 1128 1354 ἔζων
1148 1285 1430 1356 Ἀθηναῖοι
1450 1285 1633 1354 ὥσπερ
1654 1287 1739 1340 ἐπὶ
1758 1283 1984 1353 Κρόνου

313 1367 718 1436 βασιλεύοντος.
764 1372 975 1440 λέγεται
1009 1370 1068 1425 δὲ
1098 1366 1205 1425 ὑπὸ
1230 1375 1342 1424 τῶν
1368 1372 1733 1439 χαριεστέρων
1754 1364 1985 1438 ἀνθρώ-

252 1465 284 1507 C·
311 1469 432 1504 πων
469 1451 559 1505 καὶ
597 1449 625 1506 ὁ
666 1452 913 1517 θάνατος
948 1451 1123 1508 αὐτοῦ
1162 1454 1426 1522 γενέσθαι
1464 1449 1533 1507 οὐ
1563 1448 1628 1506 δι’
1649 1448 1685 1504 ἂ
1712 1453 1767 1505 οἱ
1792 1449 1980 1503 πολλοὶ

309 1529 604 1603 ᾠήθησαν,
638 1533 727 1587 διὰ
747 1531 851 1604 τὴν
870 1541 964 1605 τῆς
982 1532 1228 1604 ἀδελφῆς
1258 1533 1478 1605 άτιμίαν
1506 1540 1601 1604 τῆς
1623 1535 1980 1602 κανηφορίας,

310 1613 425 1668 ἐπεὶ
449 1613 616 1669 τοῦτό
634 1636 696 1685 γε
717 1613 919 1686 εὔηθες
932 1659 946 1684 ,
978 1615 1115 1672 άλλοὶ
1136 1615 1235 1672 τὸν
1263 1619 1365 1687 μὲν
1388 1615 1677 1687 Ἁρμόδιον
1696 1615 1983 1683 γεγονέναι

311 1697 536 1750 παιδικὰ
565 1704 666 1751 τοῦ
694 1695 1151 1769 Ἀριστογείτονος
1178 1703 1266 1756 καὶ
1298 1703 1702 1755 πεπαιδεῦσθαι
1730 1695 1820 1751 ὑπ’
1841 1699 1980 1752 ἐκεί-

307 1798 429 1832 νου.
458 1782 596 1848 μέγα
617 1778 667 1834 δ’
694 1780 918 1850 ἐφρόνει
938 1781 1047 1849 ἄρα
1067 1785 1156 1838 καὶ
1176 1781 1204 1838 ὁ
1224 1782 1632 1854 Ἀριστογείτων
1649 1781 1737 1836 ἐπὶ
1755 1786 1832 1851 τῷ
1851 1799 1979 1834 παι-

306 1863 498 1914 δεῦσαι
528 1859 862 1931 ἄνθρωπον,
901 1866 992 1919 καὶ
1032 1862 1450 1935 ἀνταγωνιστὴν
1485 1861 1668 1934 ἡγεῖτο
1708 1861 1845 1918 εἶναι
1881 1860 1982 1916 τὸν

296 1938 611 2040 Ἵππαρχον.
666 1945 726 1996 ἐν
755 1945 946 2018 ἐκείνῳ
974 1946 1032 2000 δὲ
1062 1952 1139 2015 τῷ
1169 1946 1350 2018 χρόνῳ
1374 1944 1549 2000 αὐτὸν
1577 1941 1981 2012 τὸνεΑρμόδιον

246 2041 281 2081 D
312 2025 602 2093 τυγχάνειν
630 2026 842 2092 ἐρωντά
871 2049 1018 2091 τινος
1036 2048 1149 2082 των
1168 2029 1310 2081 νέων
1331 2047 1388 2081 τε
1415 2026 1506 2081 καὶ
1536 2030 1723 2079 καλῶν
1743 2025 1833 2078 και
1851 2045 1981 2093 γεν-

307 2112 481 2160 ναίων
498 2128 610 2162 των
629 2107 776 2162 τότε·
825 2109 917 2163 καὶ
946 2109 1171 2179 λέγουσι
1191 2107 1437 2178 τοῦνομα
1456 2105 1658 2177 αυτοῦ,
1696 2106 1801 2175 ἐγω
1824 2107 1883 2162 δὲ
1911 2104 1978 2161 οὐ

303 2189 602 2259 μέμνημαι·
635 2187 734 2244 τὸν
753 2183 860 2245 οὖν
878 2195 1173 2246 νεανίσκον
1192 2195 1391 2245 τοῦτον
1406 2192 1538 2254 τέως
1557 2190 1657 2260 μὲν
1677 2189 1978 2259 θαυμάζειν

304 2270 405 2324 τόν
420 2293 478 2326 τε
494 2268 788 2342 Ἁρμόδιον
803 2274 893 2328 και
908 2270 1007 2327 τὸν
1014 2270 1446 2344 Ἀριστογείτονα
1466 2293 1539 2337 ως
1554 2271 1783 2342 σοφούς,
1798 2276 1979 2326 ἔπειτα
2024 2323 2028 2326 .

302 2349 715 2424 συγγενόμενον
735 2362 811 2427 τῷ
839 2353 1110 2429 Ἱππάρχῳ
1145 2360 1564 2425 καταφρονῆσαι
1597 2356 1849 2424 ἐκείνων,
1887 2353 1975 2408 καὶ

303 2432 435 2499 τούς
456 2438 929 2509 περιαλγήσαντας
949 2440 1121 2511 ταύτῃ
1141 2445 1209 2510 τῇ
1237 2436 1423 2511 ἀτιμία
1454 2435 1630 2502 οὕτως
1659 2434 1974 2491 άποκτεῖναι

298 2516 719 2590 τόνἽππαρχον.

436 2606 552 2655 ΕΤ.
606 2601 969 2667 Κινδυνεύεις
989 2608 1199 2672 τοίνυν,
1221 2597 1267 2658 ὦ
1284 2604 1607 2674 Σώκρατες,
1645 2597 1681 2671 ἢ
1713 2599 1782 2656 οὐ
1810 2605 1976 2670 φίλον

301 2703 368 2751 με
385 2679 643 2752 ἡγεῖσθαι
660 2681 713 2754 ἥ,
735 2687 785 2738 εἰ
798 2681 925 2755 ἡγεῖ
942 2690 1123 2756 φίλον,
1146 2682 1215 2740 οὐ
1235 2681 1828 2752 πείθεσθαιἹππάρχῳ.
1866 2677 1972 2749 ἐγω

240 2790 272 2830 E
303 2764 409 2834 γάρ
430 2763 579 2828 ὅπως
600 2764 668 2820 οὐ
689 2765 760 2820 σύ
779 2765 871 2836 ἐμὲ
890 2768 1155 2840 ἐξαπατᾷς
1177 2765 1277 2822 οὐκ
1300 2765 1405 2822 οἷδ’
1429 2765 1619 2822 ὅντινα
1636 2765 1822 2835 μέντοι
1841 2763 1971 2833 τρό-

301 2865 408 2901 πον
426 2849 488 2901 ἐν
506 2859 619 2911 τοῖς
639 2848 850 2912 λόγοις,
874 2847 941 2904 οὐ
963 2850 1203 2920 δύναμαι
1224 2856 1536 2919 πεισθῆναι.
