2028 3198
242 237 361 287 AA.
419 229 626 301 Ἀληθῆ
644 233 833 297 λέγεις.

249 316 376 368 ΣΩ..
431 306 507 367 Ἦ
538 303 648 366 οὖν
681 312 928 380 ἔγνωμεν
947 305 1018 363 ἄν
1054 328 1204 381 ποτε,
1234 314 1314 375 τίς
1342 313 1502 382 τέχνη
1531 306 1790 382 ὑπόδημα

107 397 325 464 βέλτιον
343 404 511 463 ποιεῖ,
531 389 603 462 μή
626 390 830 455 εἰδότες
849 387 1138 462 ὑπόδημα;

244 479 369 530 ΑΛ.
419 472 740 528 Ἀδύνατον.

250 560 377 610 ΣΩ.
438 552 590 611 Οὐδέ
612 575 676 625 γε
705 558 784 619 τίς
813 555 973 623 τέχνη
998 557 1328 619 δακτυλίους
1354 560 1608 626 βελτίους
1626 565 1786 623 ποιεῖ,

108 634 446 707 ἀγνοοῦντες
465 636 778 691 δακτύλιον.

256 725 369 773 ΑΛ.
415 715 639 789 Ἀληθῆ.

248 806 374 857 ΣΩ.
439 806 508 855 Τί
531 803 593 854 δέ
603 826 616 863 ;
664 804 745 864 τίς
777 803 935 869 τέχνη
967 805 1164 870 βελτίω
1192 811 1342 854 ποιεῖ
1363 797 1559 870 αὐτόν,
1599 793 1683 869 ἆρ’
1716 798 1788 854 ἅν

112 904 241 938 ποτε
261 895 489 953 γνοῖμεν
508 880 843 951 ἀγνοοῦντες
864 886 920 935 τί
935 878 1051 935 ποτ’
1074 883 1237 951 ε’σμὲν
1255 877 1418 936 αὐτοί
1426 905 1441 948 ;

245 970 364 1019 ΑΛ.
410 961 730 1018 Ἀδύνατον.

244 1049 368 1100 ΣΩ.
422 1044 677 1114 Πότερον
715 1035 820 1098 οὖν
857 1041 923 1115 δὴ
963 1043 1160 1117 ῥᾴδιον
1188 1044 1444 1115 τυγχάνει
1480 1042 1542 1100 τὸ
1575 1051 1786 1115 γνῶναι

107 1126 333 1196 ἑαυτόν,
357 1131 454 1182 καί
468 1148 548 1190 τις
565 1119 638 1197 ἦν
657 1132 872 1196 φαῦλος
888 1123 917 1180 ὁ
937 1133 1098 1182 τοῦτο
1122 1125 1351 1192 ἀναθεὶς
1372 1132 1448 1192 εἰς
1465 1124 1565 1183 τὸν
1583 1130 1645 1183 έν
1662 1134 1786 1184 Πυ-

105 1216 208 1262 θοῖ
220 1208 395 1277 νεών,
421 1202 456 1277 ἢ
473 1207 717 1278 χαλεπόν
734 1230 785 1263 τι
804 1209 895 1263 καὶ
916 1206 1036 1278 οὐχὶ
1058 1209 1292 1277 παντός;

251 1297 369 1345 ΑΛ.
417 1287 564 1358 Ἐμοὶ
604 1292 732 1359 μέν,
773 1282 817 1344 ὦ
837 1289 1158 1362 Σώκρατες,
1195 1290 1458 1357 πολλάκις
1496 1291 1600 1363 μὲν
1635 1295 1784 1358 ἔδοξε

106 1369 312 1436 παντὸς
331 1369 381 1426 εἶ
383 1393 497 1441 ναι,
521 1372 784 1435 πολλάκις
805 1371 862 1427 δὲ
882 1373 1250 1443 παγχάλεπον.

243 1457 369 1508 ΣΩ.
426 1449 581 1520 Ἀλλ’,
614 1445 657 1507 ὦ
671 1451 985 1524 Ἀλκιβιάδη
1000 1496 1016 1524 ,
1048 1462 1153 1511 εἴτε
1175 1455 1374 1528 ῥᾴδιον
1394 1463 1500 1511 εἴτε
1520 1455 1596 1527 μή
1615 1458 1783 1529 ἐστιν,

105 1532 255 1605 ὅμως
284 1556 346 1604 γε
366 1531 501 1605 ἡμῖν
520 1526 620 1588 οἷδ’
645 1537 776 1604 ἔχει·
815 1533 1046 1604 γνόντες
1073 1536 1177 1606 μὲν
1205 1533 1340 1593 αὐτὰ
1361 1533 1473 1608 τάχ’
1495 1532 1567 1592 ἄν
1594 1542 1785 1609 γνοίη-

106 1637 210 1687 μεν
239 1614 344 1686 τήν
374 1617 684 1686 ἐπιμέλειαν
714 1613 872 1687 ἡμῶν
901 1614 1115 1689 αὐτῶν,
1155 1615 1490 1689 ἀγνοοῦντες
1510 1618 1568 1677 δὲ
1589 1617 1693 1675 οὐκ
1712 1617 1786 1674 ἄν

102 1718 247 1753 ποτε.

251 1786 368 1836 ΑΛ.
410 1778 561 1834 ’Ἐστι
579 1785 765 1835 ταῦτα.

241 1866 370 1918 ΣΩ.
427 1864 570 1932 Φέρε
590 1862 684 1932 δή,
706 1859 807 1918 τίν’
826 1858 899 1917 ἄν
917 1862 1126 1934 τρόπον
1146 1861 1405 1935 εὑρεθείη
1425 1860 1560 1919 αὐτὸ
1582 1861 1752 1922 ταύτό
1762 1888 1778 1932 3

101 1942 249 1999 οὕτω
269 1948 372 2015 μὲν
390 1942 496 2014 γὰρ
528 1940 600 1999 ἄν
619 1941 732 2014 τάχ’
754 1942 1016 2016 εὕροιμεν
1033 1950 1091 2001 τί
1106 1942 1221 2000 ποτ’
1242 1944 1405 2016 ἐσμὲν
1425 1942 1610 2015 αὐτοί,
1647 1946 1782 2002 τού-

99 2046 201 2081 του
216 2026 273 2082 δὲ
295 2030 373 2082 ἔτι
392 2023 548 2091 ὅντες
567 2028 628 2081 ἐν
649 2023 846 2101 ἀγνοίᾳ
866 2025 1139 2083 άδύνατοί
1155 2046 1281 2082 που.

248 2115 361 2163 ΑΛ.
412 2106 627 2177 Ὀρθῶς
645 2109 833 2179 λέγεις.

228 2192 357 2244 ΣΩ.
392 2186 515 2259 Ἔχε
533 2182 639 2244 οὖν
659 2188 800 2260 πρὸς
818 2190 968 2255 Διός.
1028 2196 1103 2263 τῷ
1124 2192 1359 2260 διαλέγει
1378 2187 1451 2247 σύ
1471 2196 1605 2257 νῦν;
1642 2188 1780 2250 ἄλλο

0 2306 16 2323 ,-
96 2291 147 2324 τι
165 2266 199 2341 ἦ
218 2272 363 2340 ἐμοί;

237 2356 354 2406 AA.
410 2356 539 2407 Ναί.

238 2436 364 2488 ΣΩ.
424 2430 653 2488 Οὐκοῦν
672 2436 762 2490 καὶ
783 2434 889 2504 ἐγώ
910 2442 1000 2491 σοί
1008 2458 1023 2503 3

242 2521 353 2570 AA.
410 2519 537 2569 Ναί.

235 2601 360 2652 ΣΩ.
421 2596 727 2668 Σωκράτης
746 2595 855 2665 ἄρα
877 2600 1022 2654 ἐστὶν
1042 2596 1070 2654 ὁ
1092 2601 1507 2671 διαλεγόμενοςς

237 2686 355 2735 ΑΛ.
408 2679 576 2734 Πάνυ
594 2700 671 2749 γε.

232 2765 356 2817 ΣΩ.
416 2760 759 2833 Ἀλκιβιάδης
780 2761 836 2818 δὲ
859 2759 888 2817 ὁ
910 2760 1165 2833 ἇκούων;

105 56 186 150 ῥ’
658 62 1218 144 ΑΛΚΙΒΙΛΔΗΣ.
1308 63 1324 70 ’
1504 108 1509 114 ·
1689 93 1794 146 313
1879 83 1882 85 ’

1820 978 1981 1025 129,

1838 1885 1872 1926 Β
