2028 3198
299 153 403 205 124
913 154 1386 202 ΠΛΑΤῼΝΟΣ

234 291 266 331 Β
300 294 416 343 σῶν
439 294 669 357 τεχνῶν·
694 285 870 340 πάντα
891 283 998 355 γὰρ
1019 282 1120 354 ὑφ’
1143 283 1280 356 αὑτῇ
1307 290 1480 343 δοῦλα
1500 286 1562 342 δι’
1588 289 1829 344 ἑκόντων
1853 286 1974 344 ἀλλ’

299 368 367 424 οὐ
398 370 486 423 διὰ
516 374 639 440 βίας
671 378 910 436 ποιοῖτο,
949 369 1039 421 καὶ
1079 374 1270 439 μακρῷ
1311 366 1502 439 ἀρίστη
1534 375 1727 424 πασῶν
1757 377 1838 440 εἰή
1868 375 1981 424 τῶν

298 457 526 520 τεχνῶν·
572 456 679 505 νῦν
717 447 768 504 δ’
813 447 942 503 οὔτε
980 449 1066 503 σοὶ
1096 447 1223 503 οὔτε
1254 447 1319 519 δή
1351 452 1542 524 ἐκείνῳ
1573 456 1879 522 βουλοίμην
1909 446 1982 504 ἀν

299 535 518 586 ἐναντία
537 536 811 586 τίθεσθαι.

437 618 562 668 ΣΩ.
622 610 701 666 Τὰ
733 610 876 666 ὅπλα
908 633 999 682 μοι
1031 615 1207 676 δοκεῖς
1234 615 1532 684 βουληθεὶς
1561 619 1734 670 εἰπεῖν
1753 620 1978 686 αἰσχυν-

296 697 414 759 θεὶς
433 693 734 749 ἀπολιπεῖν.

439 781 610 830 ΠΡΩ.
655 773 833 829 '‘EG-cco
855 780 963 829 νῦν
982 782 1154 830 ταῦτα
1173 777 1344 847 ταύτῃ
1358 818 1372 845 ,
1395 776 1504 848 ὅπῃ
1525 794 1612 832 σοι
1631 782 1793 833 δοκεῖ.

435 863 558 913 ΣΩ.
625 851 738 926 Ἆρ’
782 849 886 910 οὖν
924 864 1095 921 αἴτιος
1142 856 1245 926 ἐγώ
1290 865 1389 912 τοῦ
1431 857 1503 929 μὴ
1552 866 1731 925 καλῶς
1767 858 1971 916 ὑπολα-

295 949 415 1013 βεῖν
436 958 523 1005 σε;

415 1026 605 1095 γΠΡΩ.
670 1019 744 1076 Τὸ
766 1032 953 1086 ποῖον;

438 1107 561 1157 ΣΩ.
621 1100 767 1170 Οὐκ,
807 1096 852 1156 οἷ
871 1109 993 1171 φίλε
1014 1102 1344 1174 Πρώταρχε,
1383 1110 1545 1159 τοῦτο
1567 1108 1734 1174 ἔγωγε
1754 1105 1983 1175 ἐζήτουν

237 1199 268 1240 C
300 1207 412 1253 πω,
445 1191 522 1249 τίς
550 1188 708 1254 τέχνη
739 1180 774 1254 ἦ
795 1190 873 1248 τίς
893 1186 1156 1254 ἐπιστήμη
1180 1192 1373 1239 πασῶν
1394 1187 1641 1255 διαφέρει
1660 1193 1737 1259 τῷ
1755 1192 1981 1257 μεγίστη-

299 1270 388 1323 καὶ
421 1265 611 1336 ἀρίστη
635 1267 724 1320 καὶ
746 1273 969 1320 πλεῖστα
992 1264 1286 1335 ὠφελοῦσα
1304 1265 1473 1336 ἡμᾶς,
1513 1265 1649 1321 ἀλλά
1669 1273 1748 1331 τίς
1768 1288 1897 1322 ποτε
1916 1267 1976 1323 τὸ

298 1349 466 1419 σαφὲς
487 1350 576 1403 καὶ
595 1346 848 1418 τάκριβὲς
876 1348 964 1401 καὶ
996 1346 1055 1401 τὸ
1079 1345 1455 1417 ἀληθέστατον
1476 1352 1783 1420 ἐπισκοπεῖ,
1805 1347 1912 1404 κάν
1931 1355 1988 1406 εἰ

297 1429 498 1501 σμικρὰ
532 1431 621 1484 καὶ
653 1426 854 1498 σμικροὶ
877 1425 1134 1499 ὀνινᾶσα,
1166 1427 1316 1484 τοῦτ’
1344 1435 1492 1485 ἔστιν
1512 1427 1543 1483 ὃ
1562 1437 1669 1485 νῦν
1690 1431 1754 1501 δὴ
1787 1436 1980 1501 ζητοῦ-

295 1535 410 1583 μεν.
452 1509 574 1567 ἀλλ’
600 1511 730 1580 ὅρα·
770 1509 902 1566 οὐδὲ
922 1510 1026 1580 γὰρ
1049 1510 1350 1580 ἀπεχθήσει
1368 1517 1605 1583 Γοργίᾳ,
1627 1517 1692 1583 τῇ
1717 1515 1818 1582 μὲν
1840 1515 1979 1567 ἐκεί-

299 1617 402 1650 νου
435 1592 704 1664 ὑπάρχειν
733 1595 892 1664 τέχνῃ
924 1591 1112 1657 διδοὺς
1142 1591 1280 1661 πρὸς
1310 1599 1497 1663 χρείαν
1526 1606 1637 1658 τοῖς
1656 1594 1978 1663 ἀνθρώποις

298 1688 544 1749 κρατεῖν,
588 1670 699 1748 ᾖδ’
734 1674 890 1730 εἷπον
921 1673 1025 1744 ἐγώ
1048 1681 1155 1729 νῦν
1185 1681 1554 1746 πραγματείᾳ,
1593 1675 1848 1745 καθάπερ
1876 1682 1977 1730 τοῦ

297 1766 501 1815 λευκοῦ
524 1762 649 1826 πέρι
668 1758 788 1812 τότε
808 1762 1015 1826 ἔλεγον,
1038 1752 1144 1811 κάν
1164 1762 1213 1812 εἰ
1229 1758 1490 1828 σμικρόν,
1520 1755 1776 1828 καθαρὸν
1797 1757 1854 1812 δὲ
1875 1765 1975 1827 εἴη,

299 1846 398 1895 τοῦ
419 1845 628 1894 πολλοῦ
649 1841 739 1894 καὶ
761 1837 833 1909 μὴ
865 1840 1122 1893 τοιούτου
1144 1843 1426 1910 διαφέρειν
1445 1840 1623 1911 τούτῳ
1653 1838 1707 1910 γ’
1733 1840 1879 1913 αὐτῷ
1900 1842 1978 1912 τῷ

232 1959 235 1962 -
296 1919 680 1994 ἀληθεστάτςο,
720 1923 811 1974 καὶ
841 1926 948 1974 νῦν
978 1919 1043 1989 δὴ
1079 1921 1296 1989 σφόδρα
1329 1924 1718 1991 διανοηθέντες
1747 1923 1837 1975 καὶ
1857 1925 1978 1975 ἰκα-

294 2010 404 2068 νεός
425 2002 896 2073 διαλογισάμενοι,
929 1999 1053 2071 μήτ’
1092 2008 1167 2065 εἷς
1197 2023 1350 2066 τινας
1371 2000 1637 2071 ὠφελείας
1667 2005 1977 2072 ἐπιστημῶν

294 2089 593 2155 βλέψαντες
625 2083 758 2154 μήτε
778 2082 930 2147 τινας
955 2080 1295 2152 εὐδοκιμίας,
1329 2081 1450 2137 ἀλλ’
1485 2090 1539 2138 εἴ
1551 2104 1631 2147 τις
1649 2085 1863 2152 πέφυκε
1883 2089 1978 2152 τῆς

297 2173 473 2238 ψυχῆς
509 2165 666 2237 ἡμῶν
705 2165 941 2235 δύναμις
977 2167 1111 2236 ἐρᾷν
1147 2186 1203 2219 τε
1239 2171 1340 2219 τοῦ
1377 2162 1626 2235 ἀληθοῦς
1669 2167 1760 2219 καὶ
1798 2164 1977 2219 πάντα

295 2249 456 2303 ἕνεκα
474 2248 676 2304 τούτου
693 2248 968 2317 πράττειν,
990 2246 1198 2317 ταύτην
1214 2253 1470 2316 εἰπωμεν,
1493 2244 1977 2316 διερευνησαμενοι

294 2327 355 2383 τὸ
379 2329 634 2433 καθαρὸν
662 2335 770 2384 νοῦ
800 2350 856 2383 τε
876 2330 966 2383 καὶ
987 2328 1310 2399 φρονήσεως
1325 2371 1338 2398 ,
1373 2334 1422 2384 εἰ
1438 2329 1646 2399 ταύτην
1665 2327 1896 2399 μάλιστα
1916 2328 1976 2382 ἐκ
2026 2399 2028 2403 Ι

294 2415 406 2464 τῶν
440 2411 670 2465 εἰκότων
699 2414 966 2481 ἐκτῆσθαι
996 2423 1199 2480 φαῖμεν
1227 2434 1300 2466 αν
1336 2410 1372 2481 ἤ
1408 2433 1531 2465 τινα
1562 2412 1751 2479 ἑτέραν
1777 2408 1979 2478 ταύτης
2023 2427 2028 2463 :³

231 2508 275 2556 Ε
296 2494 638 2561 κυριωτέραν
655 2490 787 2562 ἡμῖν
808 2497 1076 2564 ζητητέον.

436 2578 607 2628 ΠΡῼ.
661 2571 821 2629 Ἀλλὰ
857 2581 1063 2644 σκοπῶ,
1086 2577 1176 2630 καὶ
1194 2574 1460 2644 χαλεπόν,
1492 2572 1668 2644 οἶμαι,
1690 2577 1977 2642 συγχωρῆ-

294 2660 389 2709 σαί
412 2676 534 2709 τινα
563 2653 736 2724 ἄλλην
767 2656 1068 2726 ἐπιστήμην
1094 2653 1130 2727 ἢ
1147 2658 1342 2726 τέχνην
1360 2662 1456 2726 τῆς
1477 2654 1738 2726 ἀληθείας
1757 2652 1976 2723 ἀντέχε-

293 2742 427 2791 σθαι
445 2742 656 2806 μᾶλλον
674 2734 710 2807 ἦ
729 2737 950 2807 ταύτην.

2018 2466 2028 2526 1

2013 2527 2028 2623 ³

430 2823 553 2873 Σῼ.
604 2811 718 2888 '⁹249'
754 2812 860 2873 οὖν
891 2821 1155 2890 ἐννοήσας
1185 2818 1245 2874 τὸ
1268 2819 1483 2892 τοιόνδε
1514 2825 1733 2886 εἴρηκας
1752 2814 1782 2872 ὃ
1804 2820 1977 2887 λέγεις
2005 2887 2007 2889 ¹
