2028 3198
639 114 642 117 ·
716 95 1103 139 PRAEFATIO.
1717 109 1831 139 xxm

26 215 188 257 centies
232 212 464 267 permutari
506 219 667 253 certum
704 217 794 259 est,
838 211 925 252 leni
963 211 1129 253 medela
1169 211 1376 265 reliquam
1419 218 1652 254 orationem
1689 211 1824 254 Oxou.

30 273 200 314 lectioni
228 271 450 324 adaptare,
481 280 608 321 quam
636 266 748 309 hmo
775 277 950 322 propter
977 268 1115 310 solum
1144 261 1208 316 ὥς
1235 269 1492 323 posthabere
1523 270 1677 319 malui,
1707 282 1830 323 prae-

28 330 176 372 sertim
212 340 343 380 quum
378 328 473 380 ipss
500 324 675 379 vulgata
704 318 767 370 ὤς
798 313 860 364 ἄν
892 318 1001 365 οὐδὲ
1031 328 1174 380 potius
1203 339 1332 380 quam
1362 319 1426 374 ὥς
1453 321 1573 380 μηδὲ
1604 326 1830 382 flagitaret,

34 397 77 429 ut
107 386 267 430 Phaed.
295 396 341 438 p.
362 382 422 426 82
449 383 499 430 E,
530 381 710 423 Phaedr.
741 394 785 435 p.
805 379 895 424 230
922 382 956 422 B
984 391 1026 422 et
1054 382 1139 426 231
1171 387 1210 426 A
1240 393 1321 426 etc.

142 442 279 484 Alcib.
306 442 359 482 11.
388 453 431 495 p.
463 437 548 482 138
573 439 606 480 C
629 437 774 479 ταῦτα
802 431 1070 493 ἐξετελέσθη
1106 442 1163 488 Ο,
1190 435 1336 482 ταῦτά
1361 453 1410 483 τε
1439 434 1553 493 sest.
1578 442 1732 493 VBST,
1765 444 1828 483 ui·

31 503 183 544 mnam
215 507 262 539 ut
302 508 476 552 propter
505 497 660 552 Oedipi
689 498 805 539 diras
844 505 886 538 et
922 496 1029 539 haec
1059 506 1101 539 et
1131 498 1215 540 alia
1245 499 1377 541 multa
1403 501 1516 542 mala
1546 501 1740 543 evenisse
1767 500 1843 541 in-·

28 559 293 612 telligamus;
323 563 366 597 at
386 555 485 597 vide
511 568 564 597 ne
592 556 774 609 scriptor
795 553 1020 608 Oedipum,
1053 569 1184 608 quum
1208 564 1397 600 avertere
1426 558 1540 600 mala
1568 558 1833 600 imminentia

28 622 190 671 posset,
221 614 342 655 novis
371 613 476 654 diris
507 619 599 655 rata
630 611 783 654 recisse
814 612 949 662 dicat,
980 625 1032 654 ac
1060 621 1149 654 tum
1179 615 1350 655 demum
1378 629 1583 657 novorum
1613 616 1713 657 inde
1741 627 1832 657 ma-

29 675 166 715 iorum
197 672 352 712 seriem
383 677 519 712 ortam
550 683 645 711 esse
675 670 822 711 addat.
858 689 919 700 ·—
955 671 1006 712 P.
1042 667 1125 713 139
1159 673 1196 711 Α
1238 664 1343 711 olo'v
1377 684 1426 712 τε
1456 673 1556 715 ferri
1590 686 1673 715 non
1733 684 1832 715 osse

24 731 218 774 certatim
247 730 497 782 interpretes
525 728 837 774 intellexeruut,
859 727 1053 793 aliusque
1068 721 1266 796 ἀνάχκη,
1288 729 1397 771 alius
1413 722 1677 784 ἄνθρωπον
1729 742 1831 782 πα,

30 788 183 831 Stallb.
212 778 360 839 μόνον
388 780 519 837 τινὰ,
551 785 766 841 Sauppius
791 777 876 839 οὐχ
908 779 1015 826 οἷον
1046 797 1095 826 τε
1122 798 1187 839 μη
1222 787 1451 841 legendum
1482 790 1683 843 conjecit3
1714 789 1833 841 equi-

27 847 127 888 dem
158 844 251 886 solo
280 854 329 884 τε
353 845 671 899 circumscripto
699 837 806 883 οἷον
831 856 910 896 pro
935 841 1150 885 τοιοῦτον
1177 835 1294 885 ὥστε
1322 846 1410 886 acci
1443 846 1458 888 i
1481 858 1611 900 posse
1636 848 1832 900 arbitror,

0 903 2 941 h
33 912 77 945 ut
109 902 268 944 Phaed.
302 915 338 945 c.
370 899 429 943 28
460 902 524 943 vel
556 903 728 955 Protag.
762 916 801 944 c.
835 899 917 944 35:
961 899 1100 942 δοκεῖ
1123 898 1268 943 καλόν
1298 914 1347 943 τε
1381 914 1403 944 ε
1427 915 1506 944 ναι
1538 897 1567 956 ἡ
1600 897 1831 956 ἐπιστήμη

28 957 111 1002 καὶ
137 953 244 1001 οἷον
269 950 430 1027 ἄρχειν
457 956 543 1000 τοῦ
570 952 850 1011 ἀνθρώπου.
876 980 934 989 —
962 962 1010 1002 Ρ.
1040 958 1124 1004 139
1153 961 1188 1001 Ε
1219 971 1307 1012 σοι,
1336 962 1451 1013 quod
1482 962 1527 1002 in
1560 962 1694 1004 Oxou.
1717 961 1832 1003 aliis·

30 1031 117 1072 que
147 1027 246 1059 ante
274 1029 385 1069 ουκ,
427 1018 470 1058 in
498 1018 634 1059 tribus
664 1018 760 1059 aliis
791 1017 910 1059 libris
950 1027 1048 1072 post
1087 1015 1220 1059 δοκεῖ
1251 1019 1429 1072 legitur,
1472 1019 1555 1061 hac
1589 1021 1684 1074 ipsa
1717 1019 1835 1083 sedis

14 1077 264 1118 mutatione
294 1084 543 1129 suspectum
574 1076 913 1128 circumscripsi;
952 1076 1081 1129 idque
1112 1076 1230 1119 haud
1258 1078 1347 1118 seio
1379 1090 1433 1118 an
1466 1078 1591 1119 etiam
1621 1090 1743 1130 sequ.
1777 1088 1834 1117 ov

29 1131 152 1187 δῆτα
180 1128 332 1187 ἔμοιγε
362 1134 631 1182 confirment,
665 1133 777 1176 unde
809 1135 1129 1176 antecedentem
1159 1135 1531 1188 interrogationem
1563 1135 1619 1176 ad
1647 1147 1835 1177 commu·

32 1205 129 1234 nem
159 1194 409 1233 senteutiam
440 1192 695 1244 pertinuisse
724 1192 914 1246 colligas.
946 1212 1006 1222 ·—·
1042 1193 1091 1234 P.
1124 1191 1210 1235 140
1238 1193 1272 1234 B
1304 1184 1362 1234 οὗ
1390 1186 1477 1247 γὰρ
1510 1191 1654 1234 πᾶσιν
1686 1193 1746 1247 0,
1777 1184 1834 1232 οὐ

32 1242 121 1303 γὰρ
150 1246 299 1290 πᾶσαι
317 1249 479 1294 VBST.
513 1250 672 1290 minore
702 1249 766 1298 vi,
799 1261 927 1302 quam
956 1251 993 1290 si
1021 1251 1195 1290 eosdem
1230 1251 1274 1291 in
1306 1252 1507 1292 omnibus
1537 1253 1708 1293 morbos
1740 1263 1835 1292 esse

34 1318 181 1362 neges.
212 1328 269 1336 —
297 1308 346 1348 P.
378 1305 460 1348 141
492 1306 525 1347 B
554 1299 875 1358 αἰσθήσεσθαι
908 1306 967 1356 Ο,
999 1301 1260 1349 αἰσθέσθαι
1290 1308 1429 1350 VBST
1458 1322 1512 1351 ex
1541 1310 1834 1350 Atticistarum

34 1373 283 1419 praecepto,
331 1364 446 1415 quod
488 1363 674 1405 futurum
714 1377 810 1406 cum
841 1356 1067 1419 βούλομαι
1094 1367 1222 1421 ,iungi
1256 1374 1392 1416 vetat;
1436 1374 1479 1407 at
1507 1367 1642 1408 nostri
1673 1366 1835 1421 dialogi

31 1424 215 1475 scriptor
245 1423 317 1463 vix
337 1422 503 1462 Atticus
528 1421 661 1463 ruisse
687 1422 868 1472 videtur,
901 1435 1038 1475 neque
1068 1436 1095 1464 a
1122 1425 1265 1477 graeci
1294 1425 1503 1466 sermonis
1533 1436 1615 1467 usu
1645 1424 1836 1466 futurum

31 1481 215 1522 alienum
256 1479 391 1520 ruisse
431 1479 583 1520 docent
626 1479 823 1532 exempla
864 1481 981 1533 apud
1014 1480 1200 1526 Lobeck.
1239 1482 1295 1522 ad
1334 1481 1559 1537 Phrynich.
1590 1495 1633 1536 p.
1670 1478 1755 1525 747
1794 1489 1836 1523 et

35 1536 220 1581 Gourier.
246 1537 302 1578 ad
333 1536 435 1577 Luc.
463 1538 581 1579 Asin.
613 1550 656 1591 p.
674 1534 775 1579 292.
799 1559 854 1568 —
879 1539 925 1579 P.
948 1537 1031 1580 141
1050 1537 1080 1579 C
1110 1534 1340 1592 δέχεσθαί
1365 1550 1414 1579 τε
1444 1539 1477 1581 Ο
1510 1552 1607 1580 cum
1639 1540 1835 1581 omnibus

31 1595 123 1637 fere
151 1593 295 1647 libris,
329 1589 558 1646 δέχεσθαί
587 1605 636 1635 σε
664 1594 826 1645 VBST,
860 1595 937 1637 sed
968 1604 1012 1636 ut
1040 1594 1187 1637 Stallb.
1219 1604 1260 1638 et
1289 1596 1387 1637 Tur.
1423 1596 1533 1638 lianc
1561 1609 1730 1649 quoque
1761 1610 1834 1638 en-

33 1653 216 1694 cliticam
245 1661 290 1693 ut
311 1654 594 1705 importunam
624 1654 1046 1706 circumscripserint,
1073 1654 1189 1705 quod
1212 1655 1284 1695 ubi
1313 1653 1445 1695 semel
1468 1655 1605 1695 visum
1642 1662 1721 1705 est,
1750 1667 1835 1696 uon

34 1708 247 1762 intelligo.
289 1722 364 1750 cur
400 1709 688 1751 conclamatae
719 1710 888 1751 lectioni
921 1711 1149 1763 quicquam
1181 1713 1416 1753 medicinae
1450 1712 1744 1754 adhibeamus.
1776 1733 1834 1742 —

36 1769 82 1808 P.
117 1767 200 1810 142
230 1767 265 1808 D
296 1758 611 1831 oe’tppoedc'oeww
647 1768 685 1809 H
716 1781 768 1810 ex
802 1768 936 1809 Oxou.
969 1770 1184 1822 vestigiis,
1227 1770 1301 1821 qui
1339 1763 1648 1823 ἅφρονιάισιν
1689 1769 1833 1817 offert;

33 1823 172 1867 VBST
199 1816 516 1876 α’φροσυναις,
553 1826 743 1867 solemne
781 1825 896 1866 illius
930 1827 1122 1867 vocabuli
1156 1826 1395 1880 glossema,
1434 1828 1550 1880 quod
1580 1836 1721 1870 tamen
1751 1840 1835 1869 nou

33 1882 160 1925 facile
189 1890 365 1936 apparet
394 1884 610 1935 quomodo
641 1895 753 1924 nuuc
781 1884 973 1936 poeticae
992 1885 1085 1925 voci
1104 1877 1442 1926 α’τασθαλίαισι
1468 1886 1594 1940 jungi
1626 1887 1833 1940 potuerit;

0 1980 11 1988 ,
33 1940 152 1983 aliud
183 1941 361 1981 subesse
390 1941 456 1983 vel
490 1942 746 1995 depravatus
779 1940 913 1982 Oxou.
948 1942 1093 1991 docet,
1128 1943 1244 1995 quod
1272 1944 1375 1995 quin
1405 1951 1519 1986 recte
1550 1945 1834 1998 investigave-

32 1999 126 2046 rim.
158 1998 232 2040 vix
262 1999 415 2052 opinor
445 2000 658 2041 dubitabis
684 1999 836 2040 collato
868 1999 1039 2041 Hesiod.
1075 1999 1187 2055 Opp.
1220 1998 1317 2043 134.
1348 2022 1407 2032 —
1431 2001 1478 2043 1‘.
1507 1996 1592 2044 143
1612 2001 1643 2042 B
1670 1995 1836 2055 τυγχά-

34 2066 111 2096 νοι
144 2055 175 2097 Β
208 2069 262 2097 cx
291 2058 403 2108 conj.
438 2056 665 2111 Stephani,
696 2070 824 2109 quam
852 2067 891 2099 et
923 2057 1202 2100 Buttmaunus
1234 2067 1274 2100 et
1308 2057 1454 2101 Stallb.
1489 2059 1533 2100 in
1560 2059 1700 2113 priore
1730 2059 1832 2102 edit.

34 2123 302 2168 receperunt:
359 2109 578 2168 τυγχάνει
617 2114 725 2156 VST
767 2124 912 2156 contra
954 2114 1251 2169 hypotheticae
1288 2123 1524 2158 structurae
1562 2128 1710 2166 usum,
1762 2114 1835 2170 qui

33 2172 265 2225 optativum
297 2174 423 2214 etism
456 2186 531 2227 per
561 2173 784 2215 enunciata
814 2174 1066 2214 secundaria
1098 2186 1276 2227 regnare
1307 2173 1445 2228 'ubet,
1512 2174 1731 2216 raesertim
1765 2175 1836 2216 ubi

35 2230 139 2270 haec
169 2229 264 2283 ipsa
296 2238 495 2283 tanquam
528 2232 552 2271 b
616 2230 781 2272 ethesin
815 2231 1001 2282 aliquam
1027 2231 1254 2277 continent,
1315 2243 1337 2278 ς
1358 2244 1435 2285 pro
1461 2242 1482 2272 ε
1532 2243 1604 2278 τις
1622 2262 1634 2273 .
1658 2262 1669 2273 .
1695 2261 1705 2272 .
1731 2244 1835 2284 τυγ-

32 2279 196 2340 χάνοιε
226 2287 280 2328 ct.
311 2287 460 2334 Stallb.
492 2290 547 2330 ad
621 2303 743 2331 enon.
781 2302 823 2343 p.
848 2286 906 2330 89
933 2288 979 2331 Ε.
1022 2309 1082 2319 -
1121 2290 1166 2329 P.
1203 2286 1287 2331 143
1319 2287 1351 2331 C
1377 2282 1629 2341 Ἀλκμέωνα
1660 2288 1717 2336 Ο,
1750 2281 1836 2332 Ἀλ-

34 2341 248 2396 apator«
280 2345 444 2395 vBST;
484 2356 653 2388 nostrae
685 2346 854 2389 lectioni
886 2347 1028 2387 favent
1059 2346 1184 2387 codd.
1217 2345 1438 2388 Demosth.
1473 2348 1574 2393 Mid.
1605 2348 1648 2400 s.
1681 2346 1766 2391 144
1795 2355 1836 2390 et

34 2402 144 2442 tituli
169 2414 197 2443 a
220 2403 410 2457 Sanppio
437 2405 478 2445 in
509 2406 647 2446 praet.
680 2405 818 2446 Turic.
852 2417 892 2458 p.
921 2402 1019 2444 XlV
1054 2402 1239 2454 laudam
1273 2405 1384 2447 adde
1415 2404 1608 2449 Dindori'.
1639 2406 1694 2447 ad
1716 2407 1833 2450 Ροὲι.

34 2470 149 2500 scen.
176 2472 218 2513 p.
242 2458 433 2502 xxviii.
455 2484 512 2492 —
540 2463 585 2503 P.
622 2461 704 2506 144
725 2463 758 2503 B
780 2453 865 2502 οὐκ
887 2450 947 2501 ἂν
974 2471 1055 2514 μοι
1083 2457 1209 2502 δοκῶ
1233 2470 1331 2516 post
1357 2454 1414 2503 οὕ
1431 2455 1498 2517 μὰ
1523 2455 1606 2504 τὸν
1628 2461 1724 2505 Δία
1742 2464 1833 2517 Jam

36 2530 59 2557 a
79 2515 179 2557 Tur.
204 2516 418 2559 seclusum
438 2531 533 2561 cum
549 2519 682 2561 Oxon.
702 2518 882 2569 sustuli;
907 2532 1006 2562 mox
1028 2527 1169 2561 autem
1195 2510 1253 2561 ὃν
1271 2520 1519 2563 Schleierm.
1541 2521 1718 2575 jubente
1740 2535 1836 2563 cum

36 2574 167 2615 ssekk.
193 2583 235 2615 et
258 2575 348 2630 ipse
371 2576 700 2631 circumscripsi.
727 2598 785 2608 —
816 2577 864 2617 P.
892 2575 975 2621 145
1004 2577 1039 2619 Β
1067 2575 1251 2619 τοιοῦτο
1283 2578 1315 2620 Ο
1340 2586 1382 2620 et
1403 2580 1457 2630 V,
1492 2577 1706 2620 τοιοῦτον
1734 2578 1835 2621 BST

32 2645 127 2672 cum
157 2633 367 2674 nonnullis
395 2633 538 2680 libris:
568 2644 608 2675 at
642 2636 735 2689 ipsa
766 2633 1111 2677 deliberationum
1142 2644 1392 2691 argumenta
1415 2637 1456 2679 lu
1482 2637 1834 2692 praecedentibus

33 2698 262 2731 memorata
289 2692 593 2744 respiciuntur,
620 2705 727 2744 quae
746 2705 798 2733 ue
816 2688 923 2744 περὶ
944 2684 1159 2734 τοιούτου
1183 2696 1399 2747 requirere
1427 2703 1575 2749 putes,
1598 2694 1748 2736 eadem
1770 2705 1835 2737 est

27 2756 236 2789 structura
269 2762 376 2801 quae
413 2751 578 2803 i'rotag.
612 2763 648 2790 c.
676 2748 730 2793 13
760 2744 1159 2807 συμβουλεύοντος
1187 2745 1245 2793 ru}
1277 2745 1508 2793 πολιτικοὶ.
1533 2774 1590 2783 -
1620 2753 1665 2795 Ρ.
1702 2750 1785 2796 145
1803 2752 1833 2794 C

22 2797 264 2858 φρόνιμόν
295 2804 342 2847 τέ
373 2819 419 2860 γε
453 2807 485 2847 Η
522 2821 572 2848 ex
606 2810 715 2861 conj.
746 2807 947 2864 Sauppst,
991 2803 1231 2862 φρόνιμόν
1265 2821 1313 2862 γε
1348 2810 1475 2859 vBS,
1512 2803 1748 2863 φρόνιμον
1783 2806 1832 2851 δε
