2028 3198
91 174 148 222 9⁷
735 167 1134 219 ΦΛιΛΡοΣ.
1663 164 1768 216 235

91 308 285 375 λευκὸς
307 314 481 382 ἰδεῖν,
502 307 936 382 μελανόμματος,
961 313 1118 382 τιμῆς
1142 306 1373 381 ἐραστὴς
1395 307 1533 382 μετὰ
1545 327 1768 382 σωφρο-

91 395 263 469 σύνης
282 418 341 452 τε
363 397 455 452 καὶ
479 397 701 466 αἰδοῦς,
726 396 820 451 καὶ
843 391 1116 467 ἀληθινῆς
1141 394 1300 468 δόξης
1324 396 1566 468 ἑταῖρος,
1591 393 1768 467 ἄπλη-

89 503 233 550 κτος,
258 479 551 553 κελεύματι
574 479 750 553 μόνον
770 480 865 537 καὶ
887 479 1035 556 λόγῳ
1047 476 1377 553 ἡνιοχεῖται·
1400 475 1431 535 ὁ
1461 477 1516 536 δ’
1543 472 1617 537 αὖ
1640 497 1768 536 σκο-

87 565 232 636 λιός,
256 564 458 636 πολύς,
484 569 608 638 εἰκῇ
630 567 1153 639 συμπεφορημένος,
1178 564 1590 639 κρατεραύχην,
1630 571 1767 639 βρα-
1799 577 1833 619 Ε

85 649 453 724 χυτράχηλος,
478 650 927 725 σιμοπρόσωπος,
954 650 1302 724 μελάγχρως,
1326 651 1769 724 γλαυκόμματος,

85 734 348 838 ὕφαιμος,
371 732 590 809 ὕβρεως
602 738 695 794 καὶ
709 733 1068 807 ἀλαζονείας
1041 749 1271 809 εταϊρος,
1288 727 1476 808 περὶ
1432 758 1543 792 ωτα
1560 735 1768 807 λάσιος,

86 820 291 893 κωφός,
315 820 537 894 μάστιγι
573 821 709 895 μετὰ
740 823 989 894 κέντρων
1022 821 1179 894 μόγις
1214 818 1478 878 ὑπείκων.
1534 818 1671 877 ὅταν
1711 817 1768 876 δ’

86 900 191 964 οὖν
223 929 255 963 ο
287 902 506 979 ἡνίοχος
539 906 680 964 ἰδῶν
712 905 774 963 τὸ
799 905 1118 980 ἐρωτικόν”
1086 930 1265 980 ομμα,
1301 910 1487 963 πᾶσαν
1511 905 1770 978 αἰσθήσει

88 992 471 1064 διαθερμήνας
484 990 586 1064 τὴν
600 991 803 1065 ψυχήν,
828 996 1212 1066 γαργαλισμοῦ
1231 1014 1291 1048 τε
1315 994 1408 1049 καὶ
1432 990 1619 1049 πόθου
1642 993 1766 1048 κέν-

84 1100 235 1150 τρων
246 1073 604 1151 ὑποπλησθῇ,
629 1074 659 1134 ὁ
683 1077 788 1151 μὲν
813 1075 1080 1152 εὐπειθὴς
1103 1082 1183 1154 τῶ
1204 1074 1410 1154 ἡνιόχῳ
1425 1082 1538 1135 τῶν
1559 1081 1770 1148 ιππων,
1797 1091 1888 1137 254

86 1160 180 1221 ἆεί
196 1186 255 1221 τε
278 1165 372 1219 καὶ
396 1163 516 1220 τότε
540 1168 695 1221 αἰδοῖ
719 1163 1042 1237 βιαζόμενος
1058 1208 1071 1235 ,
1097 1162 1296 1221 ἑαυτὸν
1319 1166 1535 1236 κατέχει
1557 1161 1632 1236 μὴ
1649 1165 1770 1220 ἐπι-

87 1253 275 1324 πηδᾷν
297 1252 376 1323 τῷ
400 1251 687 1325 ἐρωμένῳ·
712 1245 742 1304 ό
767 1249 827 1305 δὲ
861 1247 990 1306 οὔτε
1024 1252 1273 1323 κέντρων
1305 1246 1607 1323 ἡνιοχικῶν
1640 1244 1772 1304 οὔτε

86 1334 348 1407 μα’στιγος
384 1340 462 1391 ἔτι
497 1336 846 1407 ἐντρέπεται,
884 1339 1126 1406 σκιρτῶν
1163 1335 1223 1392 δὲ
1260 1342 1356 1410 βίᾳ
1380 1337 1638 1408 φέρεται,
1675 1334 1771 1390 καὶ

87 1419 267 1477 πάντα
291 1419 584 1492 πράγματα
597 1422 854 1493 παρέχων
868 1425 946 1496 τῷ
968 1420 1167 1493 σύζυγί
1177 1443 1235 1477 τε
1249 1423 1342 1477 καὶ
1365 1417 1572 1496 ἡνιόχῳ
1590 1417 1766 1490 ἄναγ-

87 1504 234 1574 κάζει
259 1507 402 1563 ίέναι
427 1527 484 1561 τε
509 1504 647 1577 πρὸς
670 1503 737 1563 τὰ
761 1505 993 1563 παιδικὰ
1017 1508 1110 1563 καὶ
1133 1513 1335 1579 μνείαν
1359 1513 1648 1563 ποιεῖσθαι
1671 1507 1768 1576 τῆς

87 1594 199 1646 τῶν
222 1588 569 1664 ἀφροδισίων
591 1590 826 1663 χάριτος.
851 1590 926 1647 τῶ
954 1592 1014 1648 δὲ
1038 1589 1163 1648 κατ’
1190 1589 1361 1665 ἆρχάς
1390 1592 1494 1665 μὲν
1526 1588 1764 1647 ἆντιτεί-
1811 1631 1816 1634 -

87 1698 251 1732 νετον
273 1674 715 1749 ἄγανακτοῦντε,
755 1669 828 1742 ῶς
854 1675 1010 1734 δεινὰ
1034 1679 1126 1734 καὶ
1143 1677 1436 1749 παράνομα
1460 1675 1763 1750 ἄναγκαζο-
1796 1690 1828 1732 Β
1878 1727 1882 1732 ,

85 1762 264 1833 μένω·
299 1765 663 1827 τελευτῶντες
699 1764 787 1832 δέ,
813 1760 948 1819 ὅταν
973 1763 1154 1835 μηδὲν
1177 1756 1216 1837 ᾖ
1239 1765 1410 1836 πέρας
1432 1766 1638 1834 κακοῦ,
1667 1782 1766 1817 πο-

86 1846 363 1916 ρεύεσθον
387 1844 669 1920 ἆγομένω,
703 1850 916 1916 εἶξαν-τε
939 1849 1032 1905 καὶ
1067 1845 1478 1922 ὁμολογήσαντε
1512 1846 1768 1919 ποιήσειν

86 1930 147 1988 τὸ
181 1931 563 2005 κελευόμενον.
625 1934 718 1990 καὶ
752 1932 889 2006 πρὸς
925 1931 1079 2009 αὐτῷ
1112 1932 1166 1990 τ’
1204 1937 1462 2007 ἐγένοντο
1495 1933 1589 1990 καὶ
1614 1932 1766 1989 εἶδον

84 2014 186 2089 τὴν
206 2014 342 2082 ὄψιν
365 2017 466 2091 τὴν
489 2022 601 2074 τῶν
626 2023 903 2075 παιδικῶν
927 2017 1365 2091 ἅστροῖπτουσαν.

228 2111 412 2159 XXXV.
467 2099 702 2169 Ἰδόντος
737 2104 797 2161 δὲ
833 2109 932 2161 τοῦ
956 2101 1183 2177 ἡνιόχου
1205 2101 1239 2178 ἡ
1264 2105 1450 2178 μνήμη
1474 2100 1625 2207 πρὸς
1662 2100 1766 2174 τὴν

85 2190 186 2243 τοῦ
207 2186 444 2254 κάλλους
468 2189 643 2260 φύσιν
665 2177 878 2262 ἠνέχθη
893 2234 907 2260 ,
932 2191 1024 2246 καὶ
1047 2189 1216 2246 πάλιν
1241 2190 1391 2247 εἶδεν
1416 2186 1594 2261 αὐτην
1626 2185 1763 2258 μετὰ

85 2272 456 2345 σωφροσύνης
470 2271 584 2330 ἐν
555 2278 712 2348 αγνςό
734 2274 935 2349 βάθρῳ
960 2278 1245 2347 βεβῶσαν·
1274 2280 1472 2333 ἰδοῦσα
1498 2273 1558 2331 δὲ
1584 2273 1770 2330 ἔδεισε

85 2381 140 2414 τε
167 2359 258 2414 καὶ
282 2367 558 2430 σεφθεῖσα
574 2358 846 2417 ανέπεσεν
868 2356 1055 2428 ὑπτία,
1082 2357 1232 2416 καὶ”
1196 2383 1308 2433 αμα
1330 2358 1660 2434 ἠναγκασθη
1686 2362 1763 2422 εἰς

17 2450 28 2482 ’
82 2441 329 2501 τούπίσω
364 2444 588 2500 ἑλκύσαι
624 2443 718 2510 τὰς
757 2442 915 2515 ἡνίας
948 2443 1093 2501 οὕτω
1129 2444 1374 2518 σφόδρα,
1413 2443 1554 2503 ὥστε
1580 2445 1670 2502 ἐπὶ
1693 2441 1759 2498 τὰ
1791 2467 1821 2508 c

32 2527 54 2581 ’ὲ
82 2534 231 2601 ἰσχία
256 2526 422 2601 ἄμφω
448 2536 676 2587 καθίσαι
703 2528 777 2585 τῶ
804 2534 984 2598 ἵππω,
1017 2529 1113 2587 τὸν
1135 2532 1238 2604 μὲν
1262 2532 1457 2590 ἑκόντα
1484 2531 1576 2589 διὰ
1599 2529 1658 2588 τὸ
1687 2526 1762 2599 μὴ

82 2611 439 2682 ἀντιτείνειν,
479 2613 576 2670 τὸν
615 2616 674 2671 δὲ
712 2611 983 2688 ὑβριστὴν
1005 2616 1151 2689 μάλα
1174 2614 1398 2676 ἄκοντα.
1448 2615 1759 2675 ἄπελθόντε

0 2759 1 2771 ¹
85 2700 144 2756 δὲ
168 2697 462 2772 ἀπωτέρω,
487 2696 516 2756 ὁ
539 2700 642 2773 μὲν
666 2697 767 2757 ὑπ’
794 2700 1057 2775 αἰσχύνης
1079 2725 1135 2758 τε
1161 2705 1253 2760 καὶ
1276 2704 1532 2776 θάμβους
1569 2704 1759 2774 ίδρῶτι

47 2778 52 2783 ’
82 2786 267 2842 πᾶσαν
289 2789 475 2859 ἔβρεξε
500 2785 602 2859 τὴν
627 2785 825 2858 ψυχήν,
851 2783 880 2843 ὁ
905 2788 963 2844 δὲ
989 2788 1150 2861 λήξας
1173 2793 1268 2862 τῆς
1291 2785 1523 2862 ὀδύνης,
1550 2784 1622 2860 ἣν
1645 2782 1757 2845 ὑπὸ

83 2872 184 2925 τοῦ
205 2876 435 2942 χαλινοῦ
458 2894 515 2927 τε
530 2878 650 2944 ἔσχε
677 2874 765 2928 καὶ
791 2876 890 2928 τοῦ
905 2872 1209 2946 πτώματος,
1236 2874 1394 2946 μόγις
1411 2872 1753 2943 ἐξαναπνεύ·

85 2969 183 3019 σας
205 2956 556 3031 ἐλοιδόρησεν
579 2956 733 3030 ὀργῇ,
762 2956 934 3014 πολλὰ
949 2965 1187 3028 κακίζων
1210 2959 1309 3015 τόν
1332 2982 1390 3016 τε
1414 2956 1641 3034 ἡνίοχον
1660 2960 1753 3017 καὶ
