<?xml version="1.0" encoding="UTF-8"?>
<!DOCTYPE html PUBLIC "-//W3C//DTD XHTML 1.0 Transitional//EN"
    "http://www.w3.org/TR/xhtml1/DTD/xhtml1-transitional.dtd">
<html xmlns="http://www.w3.org/1999/xhtml" xml:lang="en" lang="en">
 <head>
  <title>
</title>
<meta http-equiv="Content-Type" content="text/html;charset=utf-8" />
  <meta name='ocr-system' content='tesseract 3.04.00' />
  <meta name='ocr-capabilities' content='ocr_page ocr_carea ocr_par ocr_line ocrx_word'/>
</head>
<body>
  <div class='ocr_page' id='page_1' title='image "./dialogisecumdumt02platuoft_0098.png"; bbox 0 0 2028 3198; ppageno 0'>
   <div class='ocr_carea' id='block_1_1' title="bbox 284 148 1361 208">
    <p class='ocr_par' dir='ltr' id='par_1_1' title="bbox 284 148 1361 208">
     <span class='ocr_line' id='line_1_1' title="bbox 284 148 1361 208; baseline -0.01 -2"><span class='ocrx_word' id='word_1_1' title='bbox 284 156 351 208; x_wconf 81' lang='lat'><em>68</em></span> <span class='ocrx_word' id='word_1_2' title='bbox 885 148 1361 199; x_wconf 87' lang='grc' dir='ltr'><em>ΠΛΑΤΩΝΟΣ</em></span> 
     </span>
    </p>
   </div>
   <div class='ocr_carea' id='block_1_2' title="bbox 221 277 1970 2883">
    <p class='ocr_par' dir='ltr' id='par_1_2' title="bbox 285 277 1965 439">
     <span class='ocr_line' id='line_1_2' title="bbox 286 277 1965 359; baseline -0.008 -15"><span class='ocrx_word' id='word_1_3' title='bbox 286 290 371 346; x_wconf 75' lang='grc' dir='ltr'><em>πώ</em></span> <span class='ocrx_word' id='word_1_4' title='bbox 391 307 451 344; x_wconf 91' lang='grc' dir='ltr'><em>σε</em></span> <span class='ocrx_word' id='word_1_5' title='bbox 469 287 629 359; x_wconf 74' lang='grc' dir='ltr'><em>ἡμῶν</em></span> <span class='ocrx_word' id='word_1_6' title='bbox 646 285 907 356; x_wconf 79' lang='grc' dir='ltr'><em>μεθήσει,</em></span> <span class='ocrx_word' id='word_1_7' title='bbox 938 284 1069 351; x_wconf 87' lang='grc' dir='ltr'><em>πρὶν</em></span> <span class='ocrx_word' id='word_1_8' title='bbox 1089 277 1162 337; x_wconf 72' lang='grc' dir='ltr'><em>ἄν</em></span> <span class='ocrx_word' id='word_1_9' title='bbox 1180 286 1255 346; x_wconf 78' lang='grc' dir='ltr'><em>εἰς</em></span> <span class='ocrx_word' id='word_1_10' title='bbox 1273 283 1425 343; x_wconf 82' lang='grc' dir='ltr'><em>τέλος</em></span> <span class='ocrx_word' id='word_1_11' title='bbox 1443 281 1737 351; x_wconf 77' lang='grc' dir='ltr'><em>ἐπεξέλθῃς</em></span> <span class='ocrx_word' id='word_1_12' title='bbox 1753 299 1965 334; x_wconf 83' lang='grc' dir='ltr'><em>τουτων</em></span> 
     </span>
     <span class='ocr_line' id='line_1_3' title="bbox 285 370 541 445; baseline -0.013 -19"><span class='ocrx_word' id='word_1_13' title='bbox 285 378 360 445; x_wconf 75' lang='grc' dir='ltr'><em>τῷ</em></span> <span class='ocrx_word' id='word_1_14' title='bbox 379 370 541 442; x_wconf 78' lang='grc' dir='ltr'><strong><em>λόγῳ.</em></strong></span> 
     </span>
    </p>

    <p class='ocr_par' dir='ltr' id='par_1_3' title="bbox 282 440 1970 846">
     <span class='ocr_line' id='line_1_4' title="bbox 423 440 1969 520; baseline -0.008 -14"><span class='ocrx_word' id='word_1_15' title='bbox 423 457 549 506; x_wconf 87' lang='grc' dir='ltr'><em>ΣΩ.</em></span> <span class='ocrx_word' id='word_1_16' title='bbox 607 450 784 520; x_wconf 86' lang='grc' dir='ltr'><em>Βαβαὶ</em></span> <span class='ocrx_word' id='word_1_17' title='bbox 815 445 951 516; x_wconf 78' lang='grc' dir='ltr'><em>ἄρα,</em></span> <span class='ocrx_word' id='word_1_18' title='bbox 992 467 1034 500; x_wconf 87' lang='grc' dir='ltr'><strong>ω</strong></span> <span class='ocrx_word' id='word_1_19' title='bbox 1065 443 1390 513; x_wconf 77' lang='grc' dir='ltr'><em>Πρώταρχε,</em></span> <span class='ocrx_word' id='word_1_20' title='bbox 1429 447 1640 511; x_wconf 82' lang='grc' dir='ltr'><strong><em>συχνοῦ</em></strong></span> <span class='ocrx_word' id='word_1_21' title='bbox 1669 442 1771 511; x_wconf 76' lang='grc' dir='ltr'><em>μὲν</em></span> <span class='ocrx_word' id='word_1_22' title='bbox 1799 440 1969 509; x_wconf 81' lang='grc' dir='ltr'><strong><em>λόγου</em></strong></span> 
     </span>
     <span class='ocr_line' id='line_1_5' title="bbox 282 522 1968 603; baseline -0.008 -14"><span class='ocrx_word' id='word_1_23' title='bbox 282 539 382 588; x_wconf 84' lang='grc' dir='ltr'><em>τοῦ</em></span> <span class='ocrx_word' id='word_1_24' title='bbox 402 538 629 603; x_wconf 80' lang='grc' dir='ltr'><strong><em>λοιποῦ,</em></strong></span> <span class='ocrx_word' id='word_1_25' title='bbox 670 527 868 601; x_wconf 80' lang='grc' dir='ltr'><em>σχεδὸν</em></span> <span class='ocrx_word' id='word_1_26' title='bbox 896 527 956 583; x_wconf 72' lang='grc' dir='ltr'><em>δὲ</em></span> <span class='ocrx_word' id='word_1_27' title='bbox 985 525 1115 582; x_wconf 78' lang='grc' dir='ltr'><em>οὐδὲ</em></span> <span class='ocrx_word' id='word_1_28' title='bbox 1135 526 1331 599; x_wconf 75' lang='grc' dir='ltr'><em>ῥᾴδιον</em></span> <span class='ocrx_word' id='word_1_29' title='bbox 1351 525 1501 579; x_wconf 78' lang='grc' dir='ltr'><em>πάνυ</em></span> <span class='ocrx_word' id='word_1_30' title='bbox 1519 545 1571 578; x_wconf 92' lang='grc' dir='ltr'><em>τι</em></span> <span class='ocrx_word' id='word_1_31' title='bbox 1589 529 1713 578; x_wconf 83' lang='grc' dir='ltr'><em>νῦν.</em></span> <span class='ocrx_word' id='word_1_32' title='bbox 1754 525 1844 579; x_wconf 84' lang='grc' dir='ltr'><em>καὶ</em></span> <span class='ocrx_word' id='word_1_33' title='bbox 1863 522 1968 592; x_wconf 80' lang='grc' dir='ltr'><em>γὰρ</em></span> 
     </span>
     <span class='ocr_line' id='line_1_6' title="bbox 285 602 1968 685; baseline -0.007 -16"><span class='ocrx_word' id='word_1_34' title='bbox 285 613 350 685; x_wconf 83' lang='grc' dir='ltr'><em>δὴ</em></span> <span class='ocrx_word' id='word_1_35' title='bbox 381 620 635 684; x_wconf 83' lang='grc' dir='ltr'><em>φαίνεται</em></span> <span class='ocrx_word' id='word_1_36' title='bbox 666 616 782 667; x_wconf 92' lang='grc' dir='ltr'><em>δεῖν</em></span> <span class='ocrx_word' id='word_1_37' title='bbox 811 609 981 680; x_wconf 77' lang='grc' dir='ltr'><strong><em>ἄλλης</em></strong></span> <span class='ocrx_word' id='word_1_38' title='bbox 1006 615 1276 679; x_wconf 81' lang='grc' dir='ltr'><em>μηχανῆς,</em></span> <span class='ocrx_word' id='word_1_39' title='bbox 1318 608 1405 662; x_wconf 83' lang='grc' dir='ltr'><em>ἐπὶ</em></span> <span class='ocrx_word' id='word_1_40' title='bbox 1434 606 1500 661; x_wconf 79' lang='grc' dir='ltr'><em>τὰ</em></span> <span class='ocrx_word' id='word_1_41' title='bbox 1521 609 1798 678; x_wconf 78' lang='grc' dir='ltr'><em>δευτερεῖα</em></span> <span class='ocrx_word' id='word_1_42' title='bbox 1828 602 1968 674; x_wconf 79' lang='grc' dir='ltr'><em>ὑπερ</em></span> 
     </span>
     <span class='ocr_line' id='line_1_7' title="bbox 284 689 1970 763; baseline -0.005 -13"><span class='ocrx_word' id='word_1_43' title='bbox 284 702 391 750; x_wconf 85' lang='grc' dir='ltr'><em>νοῦ</em></span> <span class='ocrx_word' id='word_1_44' title='bbox 420 693 828 763; x_wconf 88' lang='grc' dir='ltr'><em>πορευόμενον,</em></span> <span class='ocrx_word' id='word_1_45' title='bbox 869 689 990 747; x_wconf 84' lang='grc' dir='ltr'><em>οἷον</em></span> <span class='ocrx_word' id='word_1_46' title='bbox 1021 693 1153 762; x_wconf 84' lang='grc' dir='ltr'><strong><em>βέλη</em></strong></span> <span class='ocrx_word' id='word_1_47' title='bbox 1185 694 1326 759; x_wconf 83' lang='grc' dir='ltr'><em>ἔχειν</em></span> <span class='ocrx_word' id='word_1_48' title='bbox 1346 690 1502 758; x_wconf 80' lang='grc' dir='ltr'><em>ἕτερα</em></span> <span class='ocrx_word' id='word_1_49' title='bbox 1524 695 1636 743; x_wconf 75' lang='grc' dir='ltr'><em>τῶν</em></span> <span class='ocrx_word' id='word_1_50' title='bbox 1652 691 1970 758; x_wconf 77' lang='grc' dir='ltr'><em>ἔμπροσθεν</em></span> 
     </span>
     <span class='ocr_line' id='line_1_8' title="bbox 285 767 1714 846; baseline -0.004 -16"><span class='ocrx_word' id='word_1_51' title='bbox 285 774 468 846; x_wconf 76' lang='grc' dir='ltr'><em>λόγων</em></span> <span class='ocrx_word' id='word_1_52' title='bbox 485 795 495 804; x_wconf 92' lang='grc'>·</span> <span class='ocrx_word' id='word_1_53' title='bbox 522 778 636 828; x_wconf 84' lang='grc' dir='ltr'><em>ἔστι</em></span> <span class='ocrx_word' id='word_1_54' title='bbox 656 775 714 828; x_wconf 90' lang='grc' dir='ltr'><em>δε</em></span> <span class='ocrx_word' id='word_1_55' title='bbox 737 781 868 836; x_wconf 78' lang='grc' dir='ltr'><em>ἴσως</em></span> <span class='ocrx_word' id='word_1_56' title='bbox 887 777 1003 827; x_wconf 81' lang='grc' dir='ltr'><em>ἔνια</em></span> <span class='ocrx_word' id='word_1_57' title='bbox 1024 772 1114 825; x_wconf 83' lang='grc' dir='ltr'><em>καὶ</em></span> <span class='ocrx_word' id='word_1_58' title='bbox 1131 769 1320 825; x_wconf 73' lang='grc' dir='ltr'><em>ταῦτα.</em></span> <span class='ocrx_word' id='word_1_59' title='bbox 1348 767 1562 825; x_wconf 79' lang='grc' dir='ltr'><em>οὐκοῦν</em></span> <span class='ocrx_word' id='word_1_60' title='bbox 1581 770 1714 841; x_wconf 71' lang='grc' dir='ltr'><em>χρῇς</em></span> 
     </span>
    </p>

    <p class='ocr_par' dir='ltr' id='par_1_4' title="bbox 426 852 1023 924">
     <span class='ocr_line' id='line_1_9' title="bbox 426 852 1023 924; baseline -0.003 -14"><span class='ocrx_word' id='word_1_61' title='bbox 426 860 592 910; x_wconf 89' lang='grc' dir='ltr'><em>ΠΡΩ.</em></span> <span class='ocrx_word' id='word_1_62' title='bbox 650 860 780 919; x_wconf 76' lang='grc' dir='ltr'><em>Πῶς</em></span> <span class='ocrx_word' id='word_1_63' title='bbox 798 853 905 924; x_wconf 77' lang='grc' dir='ltr'><em>γὰρ</em></span> <span class='ocrx_word' id='word_1_64' title='bbox 926 852 997 908; x_wconf 80' lang='grc' dir='ltr'><em>οὔ</em></span> <span class='ocrx_word' id='word_1_65' title='bbox 1009 878 1023 919; x_wconf 92' lang='lat'>;</span> 
     </span>
    </p>

    <p class='ocr_par' dir='ltr' id='par_1_5' title="bbox 221 932 1970 1090">
     <span class='ocr_line' id='line_1_10' title="bbox 221 932 1970 1007; baseline -0.004 -13"><span class='ocrx_word' id='word_1_66' title='bbox 221 952 255 994; x_wconf 75' lang='grc' dir='ltr'>ὓ</span> <span class='ocrx_word' id='word_1_67' title='bbox 427 944 535 993; x_wconf 88' lang='lat' dir='ltr'><strong>XII.</strong></span> <span class='ocrx_word' id='word_1_68' title='bbox 598 942 723 993; x_wconf 89' lang='grc' dir='ltr'><em>ΣΩ.</em></span> <span class='ocrx_word' id='word_1_69' title='bbox 788 935 905 1007; x_wconf 80' lang='grc' dir='ltr'><em>Τὴν</em></span> <span class='ocrx_word' id='word_1_70' title='bbox 941 939 1000 990; x_wconf 87' lang='grc' dir='ltr'><em>δέ</em></span> <span class='ocrx_word' id='word_1_71' title='bbox 1035 958 1097 1006; x_wconf 78' lang='grc' dir='ltr'><em>γε</em></span> <span class='ocrx_word' id='word_1_72' title='bbox 1135 932 1310 1007; x_wconf 75' lang='grc' dir='ltr'><em>ἀρχὴν</em></span> <span class='ocrx_word' id='word_1_73' title='bbox 1345 932 1518 989; x_wconf 80' lang='grc' dir='ltr'><em>αὐτοῦ</em></span> <span class='ocrx_word' id='word_1_74' title='bbox 1558 937 1970 1004; x_wconf 81' lang='grc' dir='ltr'><em>διευλαβεῖσθαι</em></span> 
     </span>
     <span class='ocr_line' id='line_1_11' title="bbox 287 1020 919 1090; baseline -0.005 -15"><span class='ocrx_word' id='word_1_75' title='bbox 287 1020 607 1090; x_wconf 79' lang='grc' dir='ltr'><em>πειρώμεθα</em></span> <span class='ocrx_word' id='word_1_76' title='bbox 625 1021 919 1089; x_wconf 91' lang='grc' dir='ltr'><em>τιθέμενοι.</em></span> 
     </span>
    </p>

    <p class='ocr_par' dir='ltr' id='par_1_6' title="bbox 423 1098 1146 1169">
     <span class='ocr_line' id='line_1_12' title="bbox 423 1098 1146 1169; baseline -0.004 -14"><span class='ocrx_word' id='word_1_77' title='bbox 423 1105 594 1156; x_wconf 90' lang='grc' dir='ltr'><em>ΠΡΩ.</em></span> <span class='ocrx_word' id='word_1_78' title='bbox 645 1105 824 1155; x_wconf 82' lang='grc' dir='ltr'><em>Ποίαν</em></span> <span class='ocrx_word' id='word_1_79' title='bbox 846 1098 912 1169; x_wconf 85' lang='grc' dir='ltr'><em>δὴ</em></span> <span class='ocrx_word' id='word_1_80' title='bbox 934 1100 1146 1169; x_wconf 50' lang='grc' dir='ltr'><em>λέγειςς</em></span> 
     </span>
    </p>

    <p class='ocr_par' dir='ltr' id='par_1_7' title="bbox 287 1176 1965 1337">
     <span class='ocr_line' id='line_1_13' title="bbox 424 1176 1965 1251; baseline -0.003 -14"><span class='ocrx_word' id='word_1_81' title='bbox 424 1187 547 1238; x_wconf 90' lang='grc' dir='ltr'><em>ΣΩ.</em></span> <span class='ocrx_word' id='word_1_82' title='bbox 605 1181 798 1236; x_wconf 80' lang='grc' dir='ltr'><em>Πάντα</em></span> <span class='ocrx_word' id='word_1_83' title='bbox 817 1180 883 1236; x_wconf 81' lang='grc' dir='ltr'><em>τὰ</em></span> <span class='ocrx_word' id='word_1_84' title='bbox 905 1187 1012 1235; x_wconf 86' lang='grc' dir='ltr'><em>νῦν</em></span> <span class='ocrx_word' id='word_1_85' title='bbox 1032 1178 1166 1234; x_wconf 81' lang='grc' dir='ltr'><em>ὄντα</em></span> <span class='ocrx_word' id='word_1_86' title='bbox 1185 1180 1246 1233; x_wconf 81' lang='grc' dir='ltr'><em>ἐν</em></span> <span class='ocrx_word' id='word_1_87' title='bbox 1264 1184 1342 1251; x_wconf 78' lang='grc' dir='ltr'><em>τῷ</em></span> <span class='ocrx_word' id='word_1_88' title='bbox 1362 1179 1522 1233; x_wconf 89' lang='grc' dir='ltr'><em>παντὶ</em></span> <span class='ocrx_word' id='word_1_89' title='bbox 1544 1181 1667 1250; x_wconf 78' lang='grc' dir='ltr'><em>διχῇ</em></span> <span class='ocrx_word' id='word_1_90' title='bbox 1691 1176 1965 1248; x_wconf 80' lang='grc' dir='ltr'><em>διαλάβω-</em></span> 
     </span>
     <span class='ocr_line' id='line_1_14' title="bbox 287 1262 1252 1337; baseline -0.007 -17"><span class='ocrx_word' id='word_1_91' title='bbox 287 1287 415 1337; x_wconf 90' lang='grc' dir='ltr'><em>μεν,</em></span> <span class='ocrx_word' id='word_1_92' title='bbox 437 1270 650 1335; x_wconf 81' lang='grc' dir='ltr'><em>μᾶλλον</em></span> <span class='ocrx_word' id='word_1_93' title='bbox 671 1267 702 1318; x_wconf 90' lang='grc' dir='ltr'><em>δ</em></span> <span class='ocrx_word' id='word_1_94' title='bbox 710 1262 742 1334; x_wconf 81' lang='grc'><em>’,</em></span> <span class='ocrx_word' id='word_1_95' title='bbox 766 1268 816 1318; x_wconf 88' lang='grc' dir='ltr'><em>εί</em></span> <span class='ocrx_word' id='word_1_96' title='bbox 831 1263 1048 1334; x_wconf 80' lang='grc' dir='ltr'><em>βούλει,</em></span> <span class='ocrx_word' id='word_1_97' title='bbox 1079 1266 1252 1331; x_wconf 82' lang='grc' dir='ltr'><em>τριχῇ.</em></span> 
     </span>
    </p>

    <p class='ocr_par' dir='ltr' id='par_1_8' title="bbox 426 1340 1309 1413">
     <span class='ocr_line' id='line_1_15' title="bbox 426 1340 1309 1413; baseline -0.008 -12"><span class='ocrx_word' id='word_1_98' title='bbox 426 1351 595 1401; x_wconf 90' lang='grc' dir='ltr'><em>ΠΡΩ.</em></span> <span class='ocrx_word' id='word_1_99' title='bbox 646 1343 802 1401; x_wconf 85' lang='grc' dir='ltr'><em>Καθ’</em></span> <span class='ocrx_word' id='word_1_100' title='bbox 827 1344 859 1399; x_wconf 77' lang='grc' dir='ltr'>ὅ</span> <span class='ocrx_word' id='word_1_101' title='bbox 877 1367 954 1413; x_wconf 92' lang='grc' dir='ltr'><em>τι,</em></span> <span class='ocrx_word' id='word_1_102' title='bbox 979 1343 1204 1412; x_wconf 78' lang='grc' dir='ltr'><em>φραζοις</em></span> <span class='ocrx_word' id='word_1_103' title='bbox 1225 1340 1309 1395; x_wconf 78' lang='grc' dir='ltr'><em>ἄν.</em></span> 
     </span>
    </p>

    <p class='ocr_par' dir='ltr' id='par_1_9' title="bbox 431 1420 1603 1496">
     <span class='ocr_line' id='line_1_16' title="bbox 431 1420 1603 1496; baseline -0.005 -15"><span class='ocrx_word' id='word_1_104' title='bbox 431 1431 555 1481; x_wconf 87' lang='grc' dir='ltr'><em>ΣΩ.</em></span> <span class='ocrx_word' id='word_1_105' title='bbox 610 1427 886 1496; x_wconf 83' lang='grc' dir='ltr'><em>Λάβωμεν</em></span> <span class='ocrx_word' id='word_1_106' title='bbox 906 1423 1040 1478; x_wconf 76' lang='grc' dir='ltr'><em>ἄττα</em></span> <span class='ocrx_word' id='word_1_107' title='bbox 1057 1429 1169 1478; x_wconf 81' lang='grc' dir='ltr'><em>τῶν</em></span> <span class='ocrx_word' id='word_1_108' title='bbox 1189 1428 1297 1476; x_wconf 89' lang='grc' dir='ltr'><em>νῦν</em></span> <span class='ocrx_word' id='word_1_109' title='bbox 1322 1420 1387 1492; x_wconf 85' lang='grc' dir='ltr'><em>δὴ</em></span> <span class='ocrx_word' id='word_1_110' title='bbox 1407 1421 1603 1491; x_wconf 83' lang='grc' dir='ltr'><em>λόγων.</em></span> 
     </span>
    </p>

    <p class='ocr_par' dir='ltr' id='par_1_10' title="bbox 426 1512 818 1571">
     <span class='ocr_line' id='line_1_17' title="bbox 426 1512 818 1571; baseline -0.003 -8"><span class='ocrx_word' id='word_1_111' title='bbox 426 1512 593 1564; x_wconf 86' lang='grc' dir='ltr'><em>ΠΡΩ.</em></span> <span class='ocrx_word' id='word_1_112' title='bbox 651 1512 818 1571; x_wconf 88' lang='grc' dir='ltr'><em>Ποῖα;</em></span> 
     </span>
    </p>

    <p class='ocr_par' dir='ltr' id='par_1_11' title="bbox 286 1585 1967 1740">
     <span class='ocr_line' id='line_1_18' title="bbox 430 1585 1967 1659; baseline -0.003 -14"><span class='ocrx_word' id='word_1_113' title='bbox 430 1596 553 1645; x_wconf 88' lang='grc' dir='ltr'><em>ΣΩ.</em></span> <span class='ocrx_word' id='word_1_114' title='bbox 615 1588 729 1644; x_wconf 88' lang='grc' dir='ltr'><em>Τόν</em></span> <span class='ocrx_word' id='word_1_115' title='bbox 747 1589 890 1644; x_wconf 83' lang='grc' dir='ltr'><em>θεὸν</em></span> <span class='ocrx_word' id='word_1_116' title='bbox 919 1589 1175 1659; x_wconf 79' lang='grc' dir='ltr'><em>ἐλέγομέν</em></span> <span class='ocrx_word' id='word_1_117' title='bbox 1204 1607 1314 1642; x_wconf 91' lang='grc' dir='ltr'><em>που</em></span> <span class='ocrx_word' id='word_1_118' title='bbox 1342 1585 1404 1642; x_wconf 83' lang='grc' dir='ltr'><em>τὸ</em></span> <span class='ocrx_word' id='word_1_119' title='bbox 1426 1587 1528 1657; x_wconf 76' lang='grc' dir='ltr'><em>μὲν</em></span> <span class='ocrx_word' id='word_1_120' title='bbox 1550 1585 1782 1655; x_wconf 78' lang='grc' dir='ltr'><em>ἄπειρον</em></span> <span class='ocrx_word' id='word_1_121' title='bbox 1803 1588 1967 1650; x_wconf 82' lang='grc' dir='ltr'><em>δεῖξαι</em></span> 
     </span>
     <span class='ocr_line' id='line_1_19' title="bbox 286 1669 1007 1740; baseline -0.001 -15"><span class='ocrx_word' id='word_1_122' title='bbox 286 1677 399 1727; x_wconf 80' lang='grc' dir='ltr'><em>τῶν</em></span> <span class='ocrx_word' id='word_1_123' title='bbox 421 1670 627 1740; x_wconf 79' lang='grc' dir='ltr'><em>ὄντων,</em></span> <span class='ocrx_word' id='word_1_124' title='bbox 647 1669 708 1725; x_wconf 86' lang='grc' dir='ltr'><em>τὸ</em></span> <span class='ocrx_word' id='word_1_125' title='bbox 734 1671 790 1726; x_wconf 91' lang='grc' dir='ltr'><em>δε</em></span> <span class='ocrx_word' id='word_1_126' title='bbox 809 1674 1005 1740; x_wconf 80' lang='grc' dir='ltr'><em>πέρας·</em></span> <span class='ocrx_word' id='word_1_127' title='bbox 993 1711 1007 1735; x_wconf 95' lang='lat'>,</span> 
     </span>
    </p>

    <p class='ocr_par' dir='ltr' id='par_1_12' title="bbox 429 1751 1077 1822">
     <span class='ocr_line' id='line_1_20' title="bbox 429 1751 1077 1822; baseline -0.003 -16"><span class='ocrx_word' id='word_1_128' title='bbox 429 1756 599 1806; x_wconf 86' lang='grc' dir='ltr'><em>ΠΡΩ.</em></span> <span class='ocrx_word' id='word_1_129' title='bbox 654 1751 817 1806; x_wconf 89' lang='grc' dir='ltr'><em>Πανυ</em></span> <span class='ocrx_word' id='word_1_130' title='bbox 837 1775 939 1822; x_wconf 87' lang='grc' dir='ltr'><em>μεν</em></span> <span class='ocrx_word' id='word_1_131' title='bbox 957 1754 1077 1806; x_wconf 83' lang='grc' dir='ltr'><em>οὐν.</em></span> 
     </span>
    </p>

    <p class='ocr_par' dir='ltr' id='par_1_13' title="bbox 427 1828 1968 1901">
     <span class='ocr_line' id='line_1_21' title="bbox 427 1828 1968 1901; baseline -0.003 -14"><span class='ocrx_word' id='word_1_132' title='bbox 427 1838 553 1888; x_wconf 89' lang='grc' dir='ltr'><em>ΣΩ.</em></span> <span class='ocrx_word' id='word_1_133' title='bbox 612 1833 805 1887; x_wconf 85' lang='grc' dir='ltr'><em>Τούτω</em></span> <span class='ocrx_word' id='word_1_134' title='bbox 836 1833 901 1901; x_wconf 85' lang='grc' dir='ltr'><em>δὴ</em></span> <span class='ocrx_word' id='word_1_135' title='bbox 929 1838 1041 1886; x_wconf 77' lang='grc' dir='ltr'><em>τῶν</em></span> <span class='ocrx_word' id='word_1_136' title='bbox 1071 1834 1236 1886; x_wconf 81' lang='grc' dir='ltr'><em>εἰδῶν</em></span> <span class='ocrx_word' id='word_1_137' title='bbox 1264 1830 1328 1885; x_wconf 74' lang='grc' dir='ltr'><em>τοὶ</em></span> <span class='ocrx_word' id='word_1_138' title='bbox 1351 1830 1450 1885; x_wconf 84' lang='grc' dir='ltr'><em>δύο</em></span> <span class='ocrx_word' id='word_1_139' title='bbox 1471 1830 1791 1900; x_wconf 73' lang='grc' dir='ltr'><em>τιθεόμεθα,</em></span> <span class='ocrx_word' id='word_1_140' title='bbox 1828 1828 1888 1884; x_wconf 83' lang='grc' dir='ltr'><em>τὸ</em></span> <span class='ocrx_word' id='word_1_141' title='bbox 1910 1828 1968 1883; x_wconf 72' lang='grc' dir='ltr'><em>δὲ</em></span> 
     </span>
    </p>

    <p class='ocr_par' dir='ltr' id='par_1_14' title="bbox 229 1909 1968 2148">
     <span class='ocr_line' id='line_1_22' title="bbox 229 1909 1968 1984; baseline -0.003 -14"><span class='ocrx_word' id='word_1_142' title='bbox 229 1934 262 1976; x_wconf 84' lang='lat' dir='ltr'><strong>o</strong></span> <span class='ocrx_word' id='word_1_143' title='bbox 288 1920 473 1984; x_wconf 90' lang='grc' dir='ltr'><em>τρίτον</em></span> <span class='ocrx_word' id='word_1_144' title='bbox 493 1917 545 1979; x_wconf 82' lang='grc' dir='ltr'><em>ἐξ</em></span> <span class='ocrx_word' id='word_1_145' title='bbox 566 1913 774 1984; x_wconf 78' lang='grc' dir='ltr'><em>ἀμφοῖν</em></span> <span class='ocrx_word' id='word_1_146' title='bbox 796 1913 1019 1968; x_wconf 83' lang='grc' dir='ltr'><em>τούτοιν</em></span> <span class='ocrx_word' id='word_1_147' title='bbox 1038 1915 1100 1966; x_wconf 83' lang='grc' dir='ltr'><em>έν</em></span> <span class='ocrx_word' id='word_1_148' title='bbox 1117 1936 1167 1967; x_wconf 88' lang='grc' dir='ltr'><em>τι</em></span> <span class='ocrx_word' id='word_1_149' title='bbox 1187 1912 1643 1983; x_wconf 81' lang='grc' dir='ltr'><em>ξυμμισγόμενον.</em></span> <span class='ocrx_word' id='word_1_150' title='bbox 1675 1913 1781 1982; x_wconf 84' lang='grc' dir='ltr'><em>εἰμὶ</em></span> <span class='ocrx_word' id='word_1_151' title='bbox 1800 1909 1864 1979; x_wconf 85' lang='grc' dir='ltr'><em>δ’,</em></span> <span class='ocrx_word' id='word_1_152' title='bbox 1896 1909 1968 1975; x_wconf 81' lang='grc' dir='ltr'><em>ὡς</em></span> 
     </span>
     <span class='ocr_line' id='line_1_23' title="bbox 287 1991 1966 2065; baseline -0.003 -14"><span class='ocrx_word' id='word_1_153' title='bbox 287 2002 493 2064; x_wconf 80' lang='grc' dir='ltr'><em>ἔοικεν,</em></span> <span class='ocrx_word' id='word_1_154' title='bbox 515 1994 620 2065; x_wconf 76' lang='grc' dir='ltr'><em>ἐγώ</em></span> <span class='ocrx_word' id='word_1_155' title='bbox 640 1995 856 2065; x_wconf 78' lang='grc' dir='ltr'><em>γελοῖός</em></span> <span class='ocrx_word' id='word_1_156' title='bbox 877 2017 955 2059; x_wconf 89' lang='grc' dir='ltr'><em>τις</em></span> <span class='ocrx_word' id='word_1_157' title='bbox 976 1999 1197 2063; x_wconf 75' lang='grc' dir='ltr'><em>ἱκανῶς,</em></span> <span class='ocrx_word' id='word_1_158' title='bbox 1220 1991 1333 2049; x_wconf 84' lang='grc' dir='ltr'><em>κατ’</em></span> <span class='ocrx_word' id='word_1_159' title='bbox 1357 1997 1472 2064; x_wconf 79' lang='grc' dir='ltr'><em>εἴδη</em></span> <span class='ocrx_word' id='word_1_160' title='bbox 1493 1992 1700 2057; x_wconf 75' lang='grc' dir='ltr'><em>διιστὰς</em></span> <span class='ocrx_word' id='word_1_161' title='bbox 1719 1993 1808 2047; x_wconf 80' lang='grc' dir='ltr'><em>καὶ</em></span> <span class='ocrx_word' id='word_1_162' title='bbox 1829 2009 1966 2047; x_wconf 88' lang='grc' dir='ltr'><em>συν-</em></span> 
     </span>
     <span class='ocr_line' id='line_1_24' title="bbox 289 2078 715 2148; baseline -0.002 -15"><span class='ocrx_word' id='word_1_163' title='bbox 289 2078 715 2148; x_wconf 67' lang='grc' dir='ltr'><em>αριθμούμενος.</em></span> 
     </span>
    </p>

    <p class='ocr_par' dir='ltr' id='par_1_15' title="bbox 427 2153 1144 2232">
     <span class='ocr_line' id='line_1_25' title="bbox 427 2153 1144 2232; baseline 0 -18"><span class='ocrx_word' id='word_1_164' title='bbox 427 2164 596 2214; x_wconf 91' lang='grc' dir='ltr'><em>ΠΡΩ.</em></span> <span class='ocrx_word' id='word_1_165' title='bbox 655 2165 726 2214; x_wconf 89' lang='grc' dir='ltr'><em>Τί</em></span> <span class='ocrx_word' id='word_1_166' title='bbox 740 2159 873 2232; x_wconf 83' lang='grc' dir='ltr'><em>φῄς,</em></span> <span class='ocrx_word' id='word_1_167' title='bbox 898 2153 941 2214; x_wconf 72' lang='grc' dir='ltr'><em>ὦ</em></span> <span class='ocrx_word' id='word_1_168' title='bbox 958 2158 1121 2229; x_wconf 80' lang='grc' dir='ltr'><em>’γαθέ</em></span> <span class='ocrx_word' id='word_1_169' title='bbox 1130 2183 1144 2224; x_wconf 90' lang='lat'>;</span> 
     </span>
    </p>

    <p class='ocr_par' dir='ltr' id='par_1_16' title="bbox 424 2233 1875 2312">
     <span class='ocr_line' id='line_1_26' title="bbox 424 2233 1875 2312; baseline -0.003 -15"><span class='ocrx_word' id='word_1_170' title='bbox 424 2246 549 2298; x_wconf 90' lang='grc' dir='ltr'><em>ΣΩ.</em></span> <span class='ocrx_word' id='word_1_171' title='bbox 614 2242 892 2312; x_wconf 75' lang='grc' dir='ltr'><em>Τετάρτου</em></span> <span class='ocrx_word' id='word_1_172' title='bbox 910 2263 1003 2312; x_wconf 87' lang='grc' dir='ltr'><em>μοι</em></span> <span class='ocrx_word' id='word_1_173' title='bbox 1020 2244 1216 2311; x_wconf 72' lang='grc' dir='ltr'><em>γένους</em></span> <span class='ocrx_word' id='word_1_174' title='bbox 1238 2233 1310 2294; x_wconf 77' lang='grc' dir='ltr'><em>αὖ</em></span> <span class='ocrx_word' id='word_1_175' title='bbox 1330 2243 1591 2308; x_wconf 85' lang='grc' dir='ltr'><em>προσδεῖν</em></span> <span class='ocrx_word' id='word_1_176' title='bbox 1610 2245 1875 2308; x_wconf 84' lang='grc' dir='ltr'><em>φαίνεται.</em></span> 
     </span>
    </p>

    <p class='ocr_par' dir='ltr' id='par_1_17' title="bbox 423 2325 961 2393">
     <span class='ocr_line' id='line_1_27' title="bbox 423 2325 961 2393; baseline -0.002 -15"><span class='ocrx_word' id='word_1_177' title='bbox 423 2329 593 2378; x_wconf 89' lang='grc' dir='ltr'><em>ΠΡΩ.</em></span> <span class='ocrx_word' id='word_1_178' title='bbox 640 2325 782 2393; x_wconf 77' lang='grc' dir='ltr'><em>Λέγε</em></span> <span class='ocrx_word' id='word_1_179' title='bbox 800 2329 961 2388; x_wconf 90' lang='grc' dir='ltr'><em>τίνος.</em></span> 
     </span>
    </p>

    <p class='ocr_par' dir='ltr' id='par_1_18' title="bbox 427 2399 1968 2475">
     <span class='ocr_line' id='line_1_28' title="bbox 427 2399 1968 2475; baseline -0.003 -16"><span class='ocrx_word' id='word_1_180' title='bbox 427 2410 549 2459; x_wconf 91' lang='grc' dir='ltr'><em>ΣΩ.</em></span> <span class='ocrx_word' id='word_1_181' title='bbox 609 2411 716 2474; x_wconf 84' lang='grc' dir='ltr'><em>Τῆς</em></span> <span class='ocrx_word' id='word_1_182' title='bbox 733 2408 1032 2475; x_wconf 82' lang='grc' dir='ltr'><em>ξυμμίξεως</em></span> <span class='ocrx_word' id='word_1_183' title='bbox 1049 2404 1265 2459; x_wconf 84' lang='grc' dir='ltr'><em>τούτων</em></span> <span class='ocrx_word' id='word_1_184' title='bbox 1282 2402 1420 2471; x_wconf 88' lang='grc' dir='ltr'><em>πρὸς</em></span> <span class='ocrx_word' id='word_1_185' title='bbox 1439 2402 1648 2473; x_wconf 81' lang='grc' dir='ltr'><em>αλληλα</em></span> <span class='ocrx_word' id='word_1_186' title='bbox 1667 2399 1772 2472; x_wconf 84' lang='grc' dir='ltr'><em>τὴν</em></span> <span class='ocrx_word' id='word_1_187' title='bbox 1792 2405 1968 2456; x_wconf 83' lang='grc' dir='ltr'><em>αἰτίαν</em></span> 
     </span>
    </p>

    <p class='ocr_par' dir='ltr' id='par_1_19' title="bbox 287 2485 1895 2585">
     <span class='ocr_line' id='line_1_29' title="bbox 287 2485 1895 2585; baseline -0.001 -44.954"><span class='ocrx_word' id='word_1_188' title='bbox 287 2486 391 2555; x_wconf 86' lang='grc' dir='ltr'><em>όρα</em></span> <span class='ocrx_word' id='word_1_189' title='bbox 405 2528 420 2555; x_wconf 92' lang='grc'><em>,</em></span> <span class='ocrx_word' id='word_1_190' title='bbox 452 2488 543 2540; x_wconf 83' lang='grc' dir='ltr'><em>καὶ</em></span> <span class='ocrx_word' id='word_1_191' title='bbox 561 2491 705 2541; x_wconf 86' lang='grc' dir='ltr'><em>τίθει</em></span> <span class='ocrx_word' id='word_1_192' title='bbox 725 2507 818 2556; x_wconf 91' lang='grc' dir='ltr'><em>μοι</em></span> <span class='ocrx_word' id='word_1_193' title='bbox 837 2485 975 2585; x_wconf 79' lang='grc' dir='ltr'><em>πρὸς</em></span> <span class='ocrx_word' id='word_1_194' title='bbox 993 2487 1171 2555; x_wconf 86' lang='grc' dir='ltr'><em>τρισὶν</em></span> <span class='ocrx_word' id='word_1_195' title='bbox 1192 2488 1419 2550; x_wconf 84' lang='grc' dir='ltr'><em>ἐκείνοις</em></span> <span class='ocrx_word' id='word_1_196' title='bbox 1437 2487 1698 2555; x_wconf 89' lang='grc' dir='ltr'><em>τέταρτον</em></span> <span class='ocrx_word' id='word_1_197' title='bbox 1716 2490 1895 2539; x_wconf 85' lang='grc' dir='ltr'><em>τοῦτο.</em></span> 
     </span>
    </p>

    <p class='ocr_par' dir='ltr' id='par_1_20' title="bbox 286 2563 1967 2719">
     <span class='ocr_line' id='line_1_30' title="bbox 425 2563 1967 2638; baseline -0.004 -15"><span class='ocrx_word' id='word_1_198' title='bbox 425 2572 596 2623; x_wconf 92' lang='grc' dir='ltr'><em>ΠΡΩ.</em></span> <span class='ocrx_word' id='word_1_199' title='bbox 652 2574 802 2622; x_wconf 84' lang='grc' dir='ltr'><em>Μων</em></span> <span class='ocrx_word' id='word_1_200' title='bbox 843 2571 948 2622; x_wconf 84' lang='grc' dir='ltr'><em>οὐν</em></span> <span class='ocrx_word' id='word_1_201' title='bbox 977 2586 1063 2623; x_wconf 90' lang='grc' dir='ltr'><em>σοι</em></span> <span class='ocrx_word' id='word_1_202' title='bbox 1092 2571 1182 2623; x_wconf 83' lang='grc' dir='ltr'><em>καὶ</em></span> <span class='ocrx_word' id='word_1_203' title='bbox 1212 2571 1460 2638; x_wconf 85' lang='grc' dir='ltr'><em>πέμπτου</em></span> <span class='ocrx_word' id='word_1_204' title='bbox 1489 2566 1817 2637; x_wconf 83' lang='grc' dir='ltr'><em>προσδεήσει</em></span> <span class='ocrx_word' id='word_1_205' title='bbox 1846 2563 1967 2618; x_wconf 72' lang='grc' dir='ltr'><em>δια-</em></span> 
     </span>
     <span class='ocr_line' id='line_1_31' title="bbox 286 2653 1002 2719; baseline 0.003 -16"><span class='ocrx_word' id='word_1_206' title='bbox 286 2655 468 2719; x_wconf 81' lang='grc' dir='ltr'><em>κρισίν</em></span> <span class='ocrx_word' id='word_1_207' title='bbox 487 2670 637 2713; x_wconf 90' lang='grc' dir='ltr'><em>τινος</em></span> <span class='ocrx_word' id='word_1_208' title='bbox 660 2653 1000 2719; x_wconf 89' lang='grc' dir='ltr'><em>δυναμένου·</em></span> <span class='ocrx_word' id='word_1_209' title='bbox 988 2692 1002 2716; x_wconf 90' lang='grc'><em>,</em></span> 
     </span>
    </p>

    <p class='ocr_par' dir='ltr' id='par_1_21' title="bbox 424 2727 1962 2803">
     <span class='ocr_line' id='line_1_32' title="bbox 424 2727 1962 2803; baseline -0.003 -17"><span class='ocrx_word' id='word_1_210' title='bbox 424 2733 547 2786; x_wconf 88' lang='grc' dir='ltr'><em>ΣΩ.</em></span> <span class='ocrx_word' id='word_1_211' title='bbox 611 2727 734 2800; x_wconf 85' lang='grc' dir='ltr'><em>Ταχ’</em></span> <span class='ocrx_word' id='word_1_212' title='bbox 771 2729 841 2783; x_wconf 81' lang='grc' dir='ltr'><em>ἄν</em></span> <span class='ocrx_word' id='word_1_213' title='bbox 858 2752 868 2761; x_wconf 92' lang='grc'><strong><em>·</em></strong></span> <span class='ocrx_word' id='word_1_214' title='bbox 900 2728 970 2785; x_wconf 82' lang='grc' dir='ltr'><em>οὐ</em></span> <span class='ocrx_word' id='word_1_215' title='bbox 1001 2729 1112 2802; x_wconf 86' lang='grc' dir='ltr'><em>μὴν</em></span> <span class='ocrx_word' id='word_1_216' title='bbox 1134 2731 1289 2802; x_wconf 82' lang='grc' dir='ltr'><em>οἶμαί</em></span> <span class='ocrx_word' id='word_1_217' title='bbox 1300 2753 1363 2803; x_wconf 71' lang='grc' dir='ltr'><em>γε</em></span> <span class='ocrx_word' id='word_1_218' title='bbox 1383 2735 1440 2785; x_wconf 91' lang='grc' dir='ltr'><em>ε’ν</em></span> <span class='ocrx_word' id='word_1_219' title='bbox 1459 2736 1535 2801; x_wconf 77' lang='grc' dir='ltr'><em>τῷ</em></span> <span class='ocrx_word' id='word_1_220' title='bbox 1557 2735 1688 2783; x_wconf 85' lang='grc' dir='ltr'><em>νῦν·</em></span> <span class='ocrx_word' id='word_1_221' title='bbox 1721 2729 1818 2783; x_wconf 85' lang='grc' dir='ltr'><em>εἀν</em></span> <span class='ocrx_word' id='word_1_222' title='bbox 1840 2729 1903 2783; x_wconf 84' lang='grc' dir='ltr'><em>δέ</em></span> <span class='ocrx_word' id='word_1_223' title='bbox 1916 2749 1962 2783; x_wconf 80' lang='grc' dir='ltr'><em>τι</em></span> 
     </span>
    </p>

    <p class='ocr_par' dir='ltr' id='par_1_22' title="bbox 226 2811 1964 2883">
     <span class='ocr_line' id='line_1_33' title="bbox 226 2811 1964 2883; baseline -0.002 -15"><span class='ocrx_word' id='word_1_224' title='bbox 226 2828 259 2868; x_wconf 82' lang='lat' dir='ltr'>E</span> <span class='ocrx_word' id='word_1_225' title='bbox 290 2814 412 2883; x_wconf 82' lang='grc' dir='ltr'><em>δέῃ,</em></span> <span class='ocrx_word' id='word_1_226' title='bbox 446 2812 754 2883; x_wconf 77' lang='grc' dir='ltr'><em>συγγνώσει</em></span> <span class='ocrx_word' id='word_1_227' title='bbox 774 2811 886 2867; x_wconf 83' lang='grc' dir='ltr'><em>πού</em></span> <span class='ocrx_word' id='word_1_228' title='bbox 906 2833 996 2882; x_wconf 90' lang='grc' dir='ltr'><em>μοι</em></span> <span class='ocrx_word' id='word_1_229' title='bbox 1017 2812 1089 2867; x_wconf 79' lang='grc' dir='ltr'><em>σὺ</em></span> <span class='ocrx_word' id='word_1_230' title='bbox 1107 2813 1500 2883; x_wconf 78' lang='grc' dir='ltr'><em>μεταδιώκοντι</em></span> <span class='ocrx_word' id='word_1_231' title='bbox 1519 2812 1763 2880; x_wconf 88' lang='grc' dir='ltr'><em>πέμπτον</em></span> <span class='ocrx_word' id='word_1_232' title='bbox 1786 2816 1964 2881; x_wconf 85' lang='grc' dir='ltr'><em>[βίον].</em></span> 
     </span>
    </p>
   </div>
  </div>
 </body>
</html>
