2028 3198
721 94 1113 139 PRAEFATIO.
1170 160 1174 163 ι
1728 108 1817 138 xvu

20 216 65 255 in
95 212 321 256 Ritscheiii
349 212 458 254 Mus.
478 210 671 252 Rhenan.
694 210 741 251 T.
769 210 840 251 1v.
866 222 910 264 p.
932 206 1021 254 443
1051 209 1272 264 proposita
1291 220 1379 264 ‚pro
1410 203 1524 262 λέγω
1559 201 1683 264 ὑμῖν,
1716 222 1826 262 quae

20 273 153 315 verba
178 271 368 327 plerique
397 269 521 311 codd.
554 275 652 309 ante
681 259 1042 320 εἰρωνευόμενος
1072 266 1276 323 offerunt,
1312 267 1498 308 editores
1532 279 1629 308 vero
1658 273 1828 321 praeter

23 330 279 372 Buchertnm
307 338 454 394 omnes
480 325 771 392 neglggerunt,
803 325 888 392 nisi
910 326 1024 392 quod
1046 324 1426 392 Winckelmannus
1455 325 1498 366 in
1522 324 1657 379 praef.
1682 324 1824 366 Turio.

22 382 1416 496 ἷὶοῗὲωρὶαἶῖἶὲῗ-ἵῖἒέῑηῗέμῖἓῖἷῑέἓηι”ἶὲῗὲῗᾱεῗξέῗῗᾞῗ
1442 383 1615 483 ἓῗᾊῖἀ
1628 390 1829 495 §¹35¹ssss

18 504 180 559 passim
206 514 232 543 a
263 500 448 543 librariis
478 501 639 541 omissa
667 499 782 541 dicta
804 506 927 548 sunt,
954 510 1032 566 pro
1096 510 1150 539 ua
1181 511 1234 540 ne
1252 500 1362 562 'quis
1389 489 1475 538 οὐκ
1497 499 1640 552 potius
1673 510 1826 552 exspe-

17 567 120 627 ξεί,
145 559 200 626 ct.
219 559 311 658 Algi.
327 559 360 603 1.
379 571 415 599 c.
437 555 805 658 ¹9Pe‘2'1ilffasst·‘e·
823 553 880 598 37
894 570 916 622 :-
931 567 1019 608 την
1044 568 1129 654 μὶν
1151 550 1305 654 εἰίδέΞ,
1327 548 1477 657 τὴνοὃ’
1493 548 1572 610 οὔ,
1599 547 1658 608 ἣν
1676 550 1823 656 οἷδιεῑι),

340 645 352 656 .
385 638 442 646 -
516 647 528 658 .
1137 625 1158 654 ε
1181 627 1216 653 ω
1289 626 1350 654 τω
1477 627 1498 654 c

16 629 253 729 Ηῑίςηρξο
286 627 436 730 εὲευτῷ
467 666 729 722 εἰωθότως,
750 625 1084 726 {gregans-ugia
1107 685 1214 713 unus
1246 626 1827 714 Wingkelmglfflugeffimffili?

16 732 134 788 tbyd.
165 744 212 787 p.
241 731 299 776 45
334 739 476 774 nostro
504 731 842 786 posthabendum
874 742 969 771 esse
1008 730 1238 780 intellexit,
1285 731 1366 771 etsi
1402 730 1531 784 hujus
1566 731 1826 772 constructio

18 793 91 833 vix
123 791 268 833 durior
298 803 425 844 quam
456 802 585 844 supra
615 802 651 830 c.
683 787 763 830 24:
807 781 859 829 τὸ
888 782 973 841 μὲν
1016 782 1217 851 ἀγαθὸντ
1240 783 1418 829 οἰκεῖον
1448 787 1586 829 καλεῖ
1608 785 1688 829 καὶ
1720 779 1825 829 ἕαυ·

17 847 124 902 τοῦ,
155 861 292 901 neque
322 848 506 891 alienum
536 847 780 901 exemplum
811 846 974 889 Phileb.
1011 862 1046 889 c.
1072 843 1152 888 39:
1192 839 1267 899 αρ’
1294 839 1379 887 οὐκ
1409 838 1656 899 ἐμφρόνως
1681 844 1827 887 ταῦτα

15 903 97 948 καὶ
128 898 326 960 ἐχόντως
347 898 513 948 ἑαυτὸν
538 899 619 946 τὸν
640 904 755 946 νοῦν
775 898 989 958 φήσομεν
1012 898 1374 957 ἀποκρίνασθαι
1404 897 1463 945 τὰ
1483 903 1571 946 ’νῦν
1594 898 1820 959 ρηθέντα.

16 987 73 996 —
105 965 153 1006 P.
182 962 271 1007 218
300 964 334 1006 E
363 957 611 1017 ἀμήχανόν
641 975 714 1004 τοι
746 957 913 1010 κάλλος
946 962 978 1005 Ο
1012 971 1053 1004 et
1090 962 1144 1012 S,
1176 974 1225 1003 τε
1253 962 1308 1013 V,
1337 975 1382 1004 τι
1409 962 1492 1008 ΒΤ.
1523 985 1580 994 -—
1611 964 1660 1005 P.
1684 960 1770 1006 219
1789 962 1825 1003 E

13 1015 309 1075 διεπεφεύγει
340 1021 411 1063 VS
457 1035 555 1063 cum
594 1021 790 1076 plurimis
829 1022 969 1073 libris,
1013 1014 1317 1074 διαπεφεύγει
1345 1020 1379 1062 Β
1421 1033 1517 1062 cum
1553 1034 1639 1062 uno
1673 1020 1824 1062 Coisli·
1900 1042 1905 1044 >

14 1082 157 1129 aiano,
192 1075 474 1133 διαπέφευγε
504 1081 538 1120 Τ
568 1094 662 1122 cum
698 1094 780 1121 uno
807 1080 915 1120 Ven.
945 1078 1004 1131 Ξ,
1036 1081 1179 1121 neseio
1212 1092 1299 1129 cur,
1334 1092 1466 1132 quum
1495 1079 1822 1134 plusquamper-

13 1135 172 1181 fectum
200 1140 432 1180 narrationi
462 1139 583 1179 unice
614 1139 849 1179 conveniat.
877 1159 934 1166 —
959 1138 1005 1179 P.
1038 1136 1121 1179 221
1153 1138 1186 1178 B
1218 1135 1520 1190 περισκοπῶν
1542 1137 1675 1181 Bekk.
1706 1150 1824 1179 eum-

13 1209 98 1250 que
124 1203 298 1238 secutus
322 1198 471 1238 Astius
496 1209 571 1250 pro
603 1196 806 1238 librorum
833 1196 1010 1237 lectione
1039 1193 1388 1247 παρασκοπῶν,
1422 1209 1550 1248 quam
1578 1196 1735 1237 nollem
1758 1195 1824 1237 ST

13 1260 307 1301 revocassentz
345 1254 447 1295 mihi
478 1262 591 1295 certe
619 1255 976 1308 praepositionem
1009 1266 1064 1294 ex
1095 1261 1343 1309 antegresso
1375 1247 1691 1311 παραβάλλων
1725 1266 1815 1308 per.

12 1323 160 1367 peram
191 1312 413 1366 repetitam
442 1311 575 1352 videri
601 1314 691 1364 ‚iam
722 1312 779 1353 ad
809 1311 968 1352 Phaed.
1002 1323 1046 1365 p.
1077 1310 1133 1355 59
1155 1312 1188 1353 Ε
1209 1312 1463 1368 significavi,
1498 1326 1636 1365 neque
1671 1313 1820 1367 opinor

13 1369 253 1411 sufficiebat
282 1370 404 1411 limos
434 1370 581 1410 ocutos
614 1370 845 1422 conjicere,
875 1377 938 1409 utv
963 1368 1108 1411 hostes
1136 1372 1295 1424 pariter
1336 1371 1579 1423 amicosque
1619 1371 1822 1412 intuendo

14 1426 208 1470 Socrates
231 1427 620 1481 comprehenderet.
643 1449 702 1457 —
727 1428 771 1468 P.
791 1425 874 1469 221
892 1426 925 1466 Ε
949 1426 1120 1478 γελοῖοι
1144 1426 1192 1478 0,
1212 1422 1341 1469 πάνυ
1361 1427 1535 1481 γελοῖοι
1558 1427 1713 1478 VBST,
1740 1441 1823 1481 quo

13 1491 178 1533 tamen,
217 1485 254 1524 si
287 1495 398 1525 recte
428 1486 713 1538 reputaveris,
758 1484 994 1525 sententiae
1025 1486 1090 1526 vis
1126 1497 1211 1527 non
1241 1494 1444 1540 augetur,
1486 1487 1564 1528 sed
1596 1486 1821 1532 minuitur:

12 1554 111 1584 nam
141 1554 251 1594 quae
279 1545 410 1594 plane
443 1543 622 1584 ridicula
652 1551 774 1590 sunt,
812 1555 862 1583 ea
902 1542 969 1582 vel
1005 1555 1135 1584 sanus
1168 1543 1296 1584 homo
1334 1545 1492 1594 rideat,
1537 1556 1649 1584 nunc
1680 1550 1823 1585 autem

11 1608 230 1641 externam
262 1608 423 1641 tantum
457 1613 478 1641 s
510 1602 641 1641 eciem
674 1602 803 1641 risum
836 1601 1021 1641 excitare
1053 1601 1156 1643 vuit.
1190 1624 1247 1631 —
1278 1602 1325 1642 P.
1357 1600 1446 1644 222
1478 1602 1515 1641 Α
1551 1602 1654 1642 item
1687 1601 1821 1643 Bekk.

9 1658 239 1699 ot‘Astium
269 1667 439 1699 secutus
490 1651 588 1698 δών
615 1645 677 1698 αὖ
702 1669 774 1704 τις
807 1658 959 1712 scripsi
989 1669 1067 1711 pro
1093 1650 1168 1707 ἄν,
1199 1659 1314 1711 quod
1336 1672 1432 1700 cum
1456 1659 1599 1700 futuro
1626 1659 1819 1713 junctum

4 1714 137 1769 iustis
169 1715 504 1757 dubitationibus
536 1716 767 1758 obnoxium
799 1723 882 1763 est;
917 1727 962 1769 p.
988 1713 1075 1757 223
1095 1716 1130 1756 D
1167 1723 1309 1757 autem
1341 1730 1425 1759 non
1459 1717 1599 1757 solum
1626 1722 1672 1757 ut
1692 1717 1818 1771 Aput.

10 1783 54 1826 p.
92 1769 145 1815 18
174 1769 212 1812 D
248 1766 624 1829 τραγῳδιοποιὸν
663 1780 704 1814 et
737 1766 1099 1829 κωμῳδιοποιὸν
1132 1787 1185 1814 ex
1223 1775 1397 1828 optimis
1444 1774 1572 1816 codd.
1606 1777 1819 1826 revocavi,

8 1829 87 1871 sed
115 1830 243 1871 etiam
272 1842 368 1872 meo
398 1831 530 1872 Marte
563 1826 643 1871 καὶ
669 1824 696 1871 ‘s‘
724 1822 879 1883 ὥσπερ
910 1824 1071 1872 εἰώθει
1100 1833 1276 1886 scripsi,
1312 1833 1385 1873 ubi
1419 1833 1535 1886 quod
1566 1831 1692 1888 vul'go
1724 1845 1820 1887 pro-

8 1897 159 1929 nomen
185 1886 328 1930 oditur
359 1882 520 1938 αὐτός,
559 1902 586 1930 a
614 1889 735 1931 libris
764 1888 853 1931 fere
886 1891 1081 1931 omnibus
1116 1902 1292 1944 prorsus
1326 1891 1470 1945 abest,
1514 1903 1652 1943 neque
1684 1892 1819 1945 majo-

5 1955 96 1990 πω
134 1946 428 1988 auctoritatem
470 1946 598 1988 habet
636 1959 762 1999 quam
801 1947 972 2001 gemino
1016 1947 1109 1990 ioco
1151 1960 1194 2002 p.
1237 1945 1320 1991 175
1355 1947 1410 1998 C,
1455 1950 1523 1990 cui
1561 1949 1723 1990 dudum
1767 1963 1819 1990 cx

0 2000 147 2046 mon.
174 2002 357 2056 aliisque
375 1997 401 2045 ἲ
424 2017 501 2059 pro
534 1996 678 2046 αὐτὸν
700 2005 913 2047 redditum
947 2014 1027 2047 est.
1071 2004 1299 2059 Utriusque
1328 2014 1440 2048 certe
1474 2005 1557 2048 loci
1583 2019 1663 2061 par
1689 2019 1818 2048 causa

0 2067 93 2108 rut,
122 2073 200 2102 nec
230 2061 267 2102 si
297 2061 382 2103 iilic
410 2063 671 2116 pronominis
692 2064 885 2105 reflexivi
914 2065 1180 2106 accusativus
1213 2064 1394 2116 subjecti
1429 2064 1513 2106 vim
1551 2065 1719 2120 retinet,
1751 2063 1820 2106 hic

5 2117 212 2167 offendet,
256 2119 329 2161 ubi
370 2119 493 2162 facile
529 2127 624 2174 post
655 2117 734 2162 καὶ
777 2122 995 2164 absorberi
1039 2128 1227 2175 poten-au
1272 2121 1428 2164 vellem
1470 2129 1612 2164 tamen
1647 2123 1817 2174 utrique

0 2176 310 2219 nominativum
337 2170 360 2217 2
383 2198 442 2209 —
469 2179 534 2220 vei
561 2174 583 2219 ἰ’
602 2192 698 2221 cum
723 2178 850 2223 Gotss.
879 2180 934 2221 ad
959 2179 1120 2221 Theod.
1156 2191 1336 2234 gramm.
1367 2192 1410 2234 p.
1436 2178 1523 2223 233
1551 2201 1607 2210 -·
1641 2180 1818 2222 reddere

0 2230 173 2283 ficeret,
204 2247 330 2287 quem
356 2248 381 2278 a
409 2235 512 2277 solis
551 2238 839 2290 grammaticis
872 2244 1068 2278 testatum
1103 2236 1172 2278 bic
1195 2237 1231 2278 si
1265 2249 1445 2290 usquam
1481 2237 1620 2279 iocum
1661 2236 1819 2280 habere

0 2292 108 2338 scite
136 2290 352 2335 Bekkerus
383 2296 622 2341 annotavit:
658 2295 713 2336 cr.
735 2295 977 2336 Buttmann.
1011 2294 1082 2335 Gr.
1112 2294 1240 2349 ampl.
1272 2293 1321 2336 Τ.
1359 2295 1389 2337 Ῑ.
1422 2308 1466 2350 p.
1500 2293 1603 2340 289.

118 2348 301 2392 Phaedr-
334 2364 379 2406 p.
408 2349 494 2394 227
516 2353 548 2394 B
579 2351 628 2393 τί
655 2346 705 2394 δὲ
740 2354 790 2403 V,
823 2349 871 2393 τί
899 2348 981 2393 δαὶ
1018 2351 1116 2393 BST
1144 2365 1240 2394 cum
1274 2352 1412 2395 Oxon.
1446 2354 1634 2396 secunda
1668 2366 1813 2402 manu,

6 2406 84 2447 sed
117 2414 163 2447 ut
188 2416 361 2463 propter
390 2410 566 2452 eandem
599 2423 771 2452 causam
805 2418 1051 2464 suspectum
1083 2411 1161 2463 sit;
1193 2409 1247 2453 cf.
1281 2411 1336 2452 ad
1367 2410 1601 2467 Euthyphr.
1630 2423 1672 2467 p.
1703 2410 1733 2455 4
1760 2415 1812 2454 Α.

3 2483 62 2494 -
96 2462 199 2506 ibid.
233 2459 529 2518 ποιήσασθαι
560 2467 653 2518 VS,
686 2460 972 2521 ποιήσεσθαι
1000 2468 1068 2510 ΒΤ
1108 2481 1202 2510 cum
1245 2468 1389 2510 multis
1432 2470 1638 2523 bonisque
1670 2469 1812 2517 libriin

6 2519 143 2563 Oxou.
184 2528 348 2571 umen,
388 2533 434 2564 ut
473 2533 584 2567 recte
626 2525 772 2569 Stailb.
807 2533 972 2576 monet,
1016 2526 1215 2582 vulgatae
1255 2527 1399 2581 potius
1441 2526 1585 2570 favere
1628 2527 1812 2581 videtur,

0 2578 266 2632 eandemque
298 2583 574 2635 grammatica
600 2585 706 2625 ratio
734 2583 1014 2632 commendat,
1047 2597 1172 2638 quam
1202 2574 1263 2624 ἄν
1291 2597 1385 2626 cum
1415 2584 1557 2627 futuro
1586 2598 1715 2639 aegre
1736 2585 1812 2626 ad-

0 2637 169 2679 uiuere
203 2638 327 2679 modo
359 2640 519 2681 monui.
562 2663 616 2673 -
658 2642 703 2683 P.
734 2639 823 2685 228
854 2640 885 2682 Β
918 2635 1062 2696 ἴδιόν,
1106 2643 1222 2695 quod
1255 2643 1364 2685 maie
1394 2643 1535 2685 iterari
1569 2655 1693 2685 nemo
1725 2656 1807 2685 non

0 2693 136 2745 videt,
169 2708 247 2738 nee
282 2704 420 2739 tamen
453 2706 526 2739 aut
554 2697 793 2753 Stephanus
824 2692 959 2741 ἰόντα
988 2709 1060 2743 aut
1090 2700 1473 2743 WinckeImannus
1506 2693 1574 2748 εἷς
1603 2691 1670 2741 ὦν
1705 2703 1807 2743 scri-

0 2749 143 2796 bondo
172 2756 440 2808 perennavit.
471 2757 605 2797 donec
637 2756 786 2799 melior
815 2759 1066 2801 emendandi
1100 2761 1167 2800 via
1197 2772 1221 2800 a
1254 2758 1436 2812 eriatur,
1472 2759 1807 2814 circumscripsi,

5 2808 264 2864 eandemque
295 2813 548 2855 medicinam
584 2828 627 2868 p.
653 2812 738 2858 229
765 2813 799 2855 D
834 2816 971 2859 verbis
1006 2806 1034 2870 ἦ
1059 2807 1106 2868 ἕξ
1127 2808 1215 2869 'Ape
1240 2828 1296 2857 ov
1321 2811 1477 2871 πάγου
1494 2839 1552 2848 —
1573 2808 1806 2871 ἡρπάσθη

75 2869 226 2919 Puro
265 2874 317 2918 ΙΙ.
1435 2881 1460 2923 b
