2028 3198
752 110 1144 155 PRAEFATIO.
1772 121 1846 148 xix

51 228 254 283 πότερον
285 237 381 271 ante
420 212 584 281 ἕρῶἦι
627 241 720 268 cum
763 227 895 270 Oxon.
942 227 1124 279 aliisque
1163 225 1310 272 omisi;
1350 224 1603 278 particulam
1637 224 1763 264 etiam
1795 224 1847 263 ab

53 291 255 331 indirecta
293 286 620 340 interrogatione
656 287 808 325 abesse
851 297 977 338 posse
1008 298 1053 338 p.
1095 279 1184 325 270
1213 282 1275 332 D,
1315 281 1530 326 Theaetet.
1565 295 1600 325 c.
1634 277 1690 324 16
1721 288 1762 322 et
1792 280 1851 322 22

54 350 218 400 aliaque
249 343 443 410 exempla
472 355 498 383 a
531 342 679 384 Stallb.
712 343 767 383 ad
796 341 947 395 Remp.
981 343 1011 382 1.
1046 341 1074 383 2
1105 341 1279 382 collecta
1312 339 1478 380 docent.
1522 362 1580 368 —-
1615 339 1662 379 P.
1695 335 1783 379 238
1813 338 1848 379 D

51 398 207 457 ἀγωγὴ
234 401 326 449 VS,
353 398 511 454 oeymyj
541 398 610 440 ΒΤ
638 412 732 440 cum
767 399 902 441 Oxou.
935 399 1136 450 aliisque;
1170 398 1285 450 quod
1312 404 1448 438 tamen
1479 410 1554 438 cur
1583 408 1664 437 non
1696 395 1850 449 proba-

52 474 164 509 rem,
188 462 279 514 jam
310 459 352 499 in
382 457 507 500 Jahn.
543 457 595 498 N.
620 456 797 498 Jahrbb.
820 454 951 505 1834,
978 456 1026 497 Τ.
1047 457 1140 497 Vll.
1170 469 1214 508 p.
1244 452 1331 498 418
1364 455 1470 496 dixi.
1533 454 1760 506 Reliquum
1788 453 1849 494 lo-

53 532 150 560 cum
200 515 493 568 antiquissima
534 513 730 569 Dionysii
777 514 1160 555 Halicarnassensis
1207 514 1454 553 auctoritate
1496 519 1631 554 tutum
1675 518 1850 565 tangere

51 577 195 625 nolui,
239 585 480 626 quanquam
518 571 622 612 nihil
661 573 717 614 ad
759 572 992 612 sententiae
1030 571 1334 623 plenitudinem
1377 569 1522 612 defore
1566 569 1768 617 arbitror,
1814 570 1851 608 si

53 626 284 700 νικηζσασα
302 639 349 671 ut
371 631 585 685 glossema
606 629 841 670 tolleretur.
870 652 926 659 —
951 630 999 670 P.
1021 627 1108 670 240
1133 627 1166 667 Ε
1193 619 1418 678 α’καίρους
1447 639 1495 667 τε
1520 623 1600 667 καὶ
1625 619 1850 672 ἐπαίνους

54 693 102 739 O.
132 688 358 741 ακαίρους
387 698 436 727 τε
461 679 686 734 ἐπαίνους
715 685 857 727 VBST
890 699 984 728 cum
1010 686 1288 726 deterioribus
1318 685 1438 725 libris
1455 715 1465 733 ,
1496 686 1573 726 etsi
1597 684 1848 738 particulam

55 749 120 790 vel
164 750 195 789 ii
226 754 416 791 tuentur,
459 746 529 797 qni
571 737 815 797 ἕγκαίρους
849 753 947 797 post
986 756 1079 783 eam
1111 744 1396 790 inseruerunt;
1443 743 1486 783 id
1524 744 1665 796 ipsum
1709 750 1851 783 tamen

56 806 241 847 ostendit
273 813 437 844 mature
468 804 554 842 vim
589 805 682 856 ejus
716 803 876 856 negligi
908 811 1102 854 coeptam
1138 813 1260 848 esse,
1294 812 1403 852 quae
1433 800 1539 840 haec
1569 809 1655 847 est,
1686 808 1732 840 ut
1763 800 1852 840 lau-

57 866 133 903 des
164 874 351 917 quoqne,
392 873 498 912 quas
529 862 717 901 amasius
759 862 812 900 ab
851 867 1039 900 amatore
1070 859 1228 902 audiat,
1266 858 1586 911 intempestivas
1620 866 1745 909 atque
1774 859 1852 897 im-

57 928 262 974 portunas
298 919 489 959 accidere
529 919 668 970 itaque
699 931 751 958 ne
784 917 862 958 has
892 917 1063 969 quidem
1098 917 1293 956 miseram
1328 915 1443 956 illius
1479 915 1687 956 fortunam
1723 915 1854 955 lenire

57 985 98 1018 et
125 977 334 1018 consolari
355 974 659 1028 intelligamus.
710 977 862 1016 Contra
893 990 929 1015 c.
960 973 1015 1016 18
1041 960 1186 1013 οὖσαν
1213 979 1310 1026 post
1339 965 1572 1013 ἐπίπονον
1598 986 1693 1013 cum
1716 970 1851 1013 Oxou.

57 1036 235 1087 aliisque
260 1045 341 1074 non
370 1033 536 1087 exiguis
563 1034 767 1086 expunxi.
796 1054 854 1061 —
882 1034 925 1073 P.
954 1031 1037 1074 241
1067 1032 1102 1072 D
1130 1024 1262 1087 ᾤμην
1287 1041 1337 1070 σε
1359 1029 1529 1083 μεσοῦν
1551 1024 1694 1071 αὐτοῦ
1710 1030 1853 1073 Herm.

56 1105 110 1133 ex
147 1095 280 1134 Oxon.
315 1090 578 1143 aliorumque
616 1091 809 1144 vestigiis
831 1120 843 1138 ,
883 1091 955 1142 qui
996 1082 1143 1130 αΰτοῦ
1183 1095 1295 1130 certe
1333 1091 1456 1130 claris
1493 1090 1624 1129 literis
1657 1089 1852 1135 offerunt,

58 1162 134 1191 nec
167 1143 216 1190 σὲ
245 1151 396 1190 abesse
424 1149 491 1188 vel
525 1160 708 1200 sequens
741 1140 866 1199 ἐρεῖν
893 1148 1074 1201 patitur,
1115 1148 1181 1187 cui
1221 1159 1348 1200 aegre
1378 1141 1516 1199 λόγον
1551 1159 1629 1199 pro
1663 1147 1856 1198 subjecto

58 1208 248 1253 dederim
291 1198 423 1262 ᾤμην
461 1218 511 1260 γε
541 1203 709 1258 μεσοῦν
749 1198 891 1245 αὐτὸν
922 1203 1087 1253 VBS'I',
1130 1213 1172 1244 at
1203 1203 1373 1256 μεσοῦν
1413 1207 1536 1246 etiam
1574 1207 1614 1244 in
1641 1205 1777 1246 media
1807 1215 1855 1244 rt

58 1266 224 1304 versari
252 1263 488 1317 significat,
518 1272 564 1304 ut
593 1263 739 1317 Symp.
770 1277 806 1303 c.
830 1261 859 1305 3
887 1261 1057 1315 μεσοῦν
1090 1259 1412 1315 δειπνοῦντας,
1443 1275 1623 1314 cumque
1654 1265 1748 1316 ipso
1782 1274 1855 1315 ge-

60 1323 189 1362 nitivo
210 1321 372 1361 Politic.
402 1333 438 1360 c.
467 1318 498 1362 8
518 1319 735 1372 μεσοῦσιν
758 1312 855 1372 ἅμα
874 1319 959 1373 τῆς
982 1319 1199 1371 πορείας,
1232 1320 1413 1374 Republ.
1442 1320 1496 1361 X.
1523 1322 1577 1362 15
1608 1312 1664 1359 τὰ
1697 1314 1747 1360 δὲ
1775 1315 1856 1359 καὶ
1884 1316 1889 1319 ’

57 1376 228 1431 μεσοῦν
248 1374 428 1419 τούτων
451 1388 529 1419 etc.
595 1372 656 1419 Γὲ
691 1378 726 1417 si
751 1379 846 1429 quis
875 1379 1025 1418 abesse
1052 1378 1182 1427 nolit,
1215 1380 1543 1420 commodiorem
1575 1378 1712 1419 locum
1740 1380 1855 1419 inve-

60 1438 144 1476 niet
171 1443 268 1489 post
293 1434 459 1489 καίτοι,
490 1437 560 1476 ubi
590 1437 631 1475 in
659 1435 776 1488 vulg.
812 1436 1039 1487 multisque
1066 1436 1183 1476 libris
1213 1437 1386 1504 legitur3
1421 1436 1568 1490 optimi
1602 1442 1740 1476 tamen
1773 1447 1857 1476 non

57 1493 274 1533 addicunt.
297 1515 356 1523 —
379 1494 421 1535 P.
448 1492 534 1534 ⁶242
561 1496 595 1533 Α
628 1486 654 1544 ἡ
687 1488 746 1544 δὴ
775 1490 1037 1545 καλουμένη
1069 1492 1276 1544 σταθερα
1306 1508 1399 1534 cum
1428 1494 1651 1535 Ruhnken.
1674 1495 1730 1535 ad
1747 1493 1858 1534 Tim.

60 1551 142 1591 lex.
174 1563 216 1604 p.
248 1548 334 1593 235
365 1559 406 1590 et
437 1550 675 1591 Heindorlio
709 1562 755 1591 ut
786 1551 1002 1604 glossema
1034 1552 1196 1597 notavi,
1235 1552 1420 1603 itemque
1452 1564 1547 1592 cum
1575 1552 1695 1592 Astio
1733 1564 1770 1591 c.
1799 1548 1859 1591 20

57 1600 135 1657 τό,
176 1620 259 1659 quo
292 1600 542 1659 δαιμόνιον
572 1621 596 1647 a
630 1609 894 1649 substantivo
928 1610 1122 1660 σημεῖον
1154 1610 1359 1663 distIngui
1390 1621 1472 1649 non
1512 1609 1716 1657 debebat;
1759 1609 1858 1649 licet

60 1667 173 1706 enim
204 1665 308 1706 illud
340 1667 463 1706 etiam
492 1665 684 1706 absolute
714 1674 907 1730 ponatur,
934 1666 1015 1706 hoc
1043 1674 1180 1707 tamen
1209 1678 1379 1719 semper
1410 1673 1547 1707 mente
1573 1665 1858 1720 supplendum

60 1731 140 1763 est.
162 1743 220 1751 —
245 1722 291 1764 P.
312 1720 400 1764 244
422 1723 457 1763 D
484 1720 578 1762 τῶν
597 1721 744 1775 γενῶν
773 1736 835 1775 ην
868 1725 918 1771 Η,
950 1719 1212 1775 γενομένων
1243 1717 1271 1775 ἡ
1299 1724 1352 1776 V,
1381 1721 1474 1764 τῶν
1504 1722 1652 1776 γενῶν
1681 1716 1707 1773 ἡ
1731 1721 1857 1788 BST‘:

60 1789 104 1820 at
136 1780 240 1820 dura
268 1789 332 1819 eat
364 1780 477 1819 verbi
509 1774 631 1820 εἶναι
662 1780 840 1834 ellipsis,
868 1794 993 1832 quam
1027 1793 1078 1821 ne
1110 1781 1258 1821 Astius
1290 1782 1460 1833 quidem
1488 1790 1559 1821 aut
1586 1780 1801 1822 Krischins
1827 1772 1859 1820 a*

61 1829 120 1887 δὴ
152 1836 193 1876 in
229 1826 311 1875 ἅτε
347 1838 549 1878 mutando
587 1836 815 1886 lenierunt3
857 1846 1162 1891 praetereaque
1194 1839 1394 1880 articulus
1434 1838 1631 1887 offendit,
1672 1840 1744 1891 qui
1782 1851 1860 1892 per

58 1900 192 1935 totum
218 1892 330 1935 hunc
355 1894 493 1935 locum
525 1906 551 1935 a
575 1893 749 1947 μανίας
779 1896 987 1937 vocabulo
1021 1897 1162 1946 abest,
1192 1898 1292 1949 quia
1324 1898 1465 1937 omnia
1492 1897 1564 1938 illa
1589 1908 1746 1951 gene-ra
1778 1898 1858 1937 sub

60 1962 186 1992 unam
229 1951 464 1992 dementiae
500 1954 711 1993 notionem
753 1953 931 2002 cadere,
969 1966 1050 1995 non
1083 1962 1242 1995 certam
1277 1955 1488 2007 quandam
1522 1956 1775 1997 dementiam
1813 1955 1855 1995 in

12 2039 15 2042 »
60 2008 241 2062 singuiis
280 2010 469 2063 conspici
510 2010 629 2051 Plato
670 2019 825 2054 censet.
889 2011 1089 2052 Neutrum
1129 2021 1268 2052 autem
1306 2013 1569 2065 pronominis
1607 2002 1638 2051 ἃ
1673 2004 1731 2064 δὴ
1762 2019 1858 2076 ρρει

61 2065 291 2107 masculina
321 2078 403 2107 non
434 2068 570 2121 magis
602 2067 784 2109 offendet
806 2081 931 2121 quam
953 2067 1100 2123 Symp.
1126 2083 1165 2110 c.
1191 2067 1245 2112 19
1272 2062 1297 2110 ὃ
1330 2062 1389 2122 δὴ
1418 2077 1515 2124 post
1535 2062 1856 2123 εὖσχημοσυνη

61 2123 228 2174 aliaque
268 2124 384 2178 apud
420 2123 568 2166 Heind.
603 2127 656 2166 ad
688 2126 816 2180 Gorg.
852 2139 895 2181 p.
927 2124 998 2170 47.
1038 2150 1090 2159 —
1134 2127 1180 2167 P.
1220 2126 1306 2169 245
1338 2130 1376 2168 Α
1412 2126 1605 2168 τοιαῦτα
1634 2123 1792 2181 μέντοι
1823 2127 1855 2167 (i

61 2192 156 2221 enm
189 2179 359 2230 multis,
394 2175 479 2232 μέν
515 2193 589 2222 σοι
619 2182 775 2249 VBST5
812 2191 854 2225 at
885 2186 1053 2225 dativus
1086 2184 1251 2225 ethicus
1282 2197 1307 2225 a
1334 2184 1500 2237 reliqua
1529 2185 1609 2227 loci
1638 2187 1859 2239 maJestate

3 2266 6 2270 -
62 2236 271 2282 abhorret.
301 2259 360 2269 —
389 2240 435 2280 P.
455 2237 543 2283 246
569 2240 599 2280 B
625 2238 809 2293 θνητον
839 2237 918 2281 καὶ
948 2241 1002 2285 Ο,
1034 2234 1219 2293 θνητόν
1248 2253 1297 2282 τε
1326 2237 1405 2282 καὶ
1435 2242 1597 2293 VBST;
1630 2251 1672 2284 at
1703 2243 1859 2284 utrius-

63 2308 143 2346 que
174 2297 353 2336 nominis
379 2298 605 2350 separatim
638 2301 742 2339 ratio
774 2299 979 2342 redditur.
1012 2319 1070 2328 —
1101 2298 1143 2341 P.
1164 2296 1252 2341 246
1276 2300 1311 2340 D
1339 2292 1469 2354 ψυχὴ
1501 2302 1601 2353 quia
1634 2302 1676 2341 in
1708 2301 1857 2354 pleris-

61 2365 142 2404 que
170 2352 288 2394 libris
319 2362 469 2403 exstat,
497 2357 691 2407 quamvis
724 2369 750 2397 a
772 2355 872 2397 Tur.
901 2367 1009 2397 recte
1043 2355 1319 2410 eliminatum,
1346 2365 1485 2399 tamen
1518 2372 1553 2402 c.
1577 2358 1725 2400 Stallb.
1760 2370 1857 2399 can-

64 2408 182 2450 cellis
210 2418 354 2451 notare
386 2411 526 2452 malui.
557 2435 613 2443 —
642 2414 688 2454 P.
715 2412 801 2455 249
820 2413 856 2453 D
885 2410 1016 2454 ἴασίν
1039 2426 1168 2462 τινος
1198 2414 1233 2456 Η
1264 2428 1316 2456 ex
1348 2417 1460 2468 conj.
1493 2428 1568 2472 pro
1600 2428 1722 2466 τινα,
1756 2418 1855 2469 quia

64 2466 255 2520 singula·
285 2468 517 2510 medicinae
549 2478 691 2523 partes
720 2471 848 2525 prisci
878 2470 1024 2513 Graeci
1057 2484 1139 2513 non
1174 2473 1514 2527 distinguebant,
1547 2486 1684 2526 neque
1713 2475 1752 2515 in
1781 2487 1854 2514 an-
1909 2515 1914 2520 ,

64 2523 350 2591 tecedentibn·
375 2527 699 2577 sequentibusve
730 2523 802 2575 tte
830 2528 909 2568 nisi
934 2529 989 2571 ad
1010 2529 1226 2571 hominum
1247 2543 1383 2585 genus
1404 2532 1598 2573 refertur.
1622 2555 1677 2562 -
1699 2532 1746 2573 P.
1769 2530 1852 2574 251

65 2580 97 2621 G
126 2592 208 2621 τον
238 2579 400 2634 fuscor
431 2595 527 2647 epm
564 2583 755 2625 Krischlo
788 2585 814 2626 l.
848 2598 883 2627 c.
918 2598 960 2640 p.
1002 2585 1114 2631 1004
1141 2588 1340 2630 cancellis
1377 2588 1578 2639 liberavi,
1621 2590 1856 2641 eodemque

63 2647 234 2680 auctore
260 2651 357 2679 mox
384 2630 576 2694 ἕκαστῃ,
602 2641 716 2707 quod
742 2641 878 2684 Turic.
910 2657 1005 2686 cum
1034 2647 1154 2687 Astio
1186 2648 1227 2687 in
1259 2638 1428 2700 ἑκάστη
1451 2655 1726 2694 mutaverant.
1759 2659 1853 2686 cum

2 2700 10 2709 '
60 2695 166 2738 VBS
201 2699 419 2750 revocavi,
460 2700 560 2763 qnia
590 2694 762 2753 βλαστη
800 2701 873 2741 vix
889 2702 1153 2767 ‘singulatim
1187 2705 1381 2745 distribui
1422 2716 1548 2774 posse
1587 2706 1764 2747 videtur.
1796 2725 1842 2733 —

20 2763 35 2772 ·
61 2753 108 2795 P.
132 2752 220 2796 254
243 2757 275 2795 Α
304 2753 599 2802 “immune
632 2754 693 2807 Ο,
719 2756 987 2800 tolmone
1015 2760 1175 2811 VBST,
1209 2769 1253 2802 ut
1284 2774 1383 2803 mox
1414 2757 1646 2814 αγομένωε
1682 2770 1724 2802 at
1755 2761 1854 2803 vide

59 2824 115 2853 ne
133 2811 300 2853 diversa
328 2815 643 2869 participiorum
672 2816 778 2855 ratio
806 2816 899 2869 ipsa
921 2819 1080 2859 numeri
1106 2819 1295 2873 enallage
1322 2820 1594 2873 significetur,
1616 2827 1661 2860 nt
1685 2822 1851 2872 Protag.

1429 2882 1458 2924 b
1480 2878 1507 2910 t
