2028 3198
829 5 837 13 .·
883 0 913 15 ,ι’
949 0 954 3 ·
991 8 997 17 ,-
1068 7 1079 15 «

835 22 838 26 ”
918 21 936 43 ἱ

288 146 391 199 122
902 144 1376 193 ΠΛΑΤΩΝΟΣ

287 279 759 349 ακολουθήσειαν,
792 281 841 331 εί
866 273 938 347 μὴ
961 276 1177 346 μονάδα
1205 277 1446 346 μονάδος
1472 276 1700 348 ἑκάστης
1727 285 1840 333 τῶν
1858 300 1962 347 μυ-

289 368 425 431 ρίων
443 363 712 430 μηδεμίαν
735 356 909 428 ἄλλην
928 356 1095 428 α’λλης
1116 357 1496 428 διαφέρουσάν
1514 379 1594 422 τις
1611 357 1790 428 θήσει.

425 445 594 495 ΠΡῼ.
647 441 757 494 Καὶ
787 439 933 510 μάλα
961 437 1014 509 γ’
1051 442 1114 494 εὐ
1143 442 1315 509 λέγεις
1336 438 1404 495 ού
1434 438 1670 510 σμικρὰν
1690 443 1962 510 διαφοραν

285 544 399 577 των
428 524 551 591 περὶ
582 519 826 593 ἀριθμὸν
865 521 1263 592 τευταζόντων,
1308 520 1445 576 ω’στε
1483 521 1655 590 λόγον
1693 525 1836 591 ἔχειν
1871 520 1960 576 δύ’

286 625 456 667 αυτας
476 610 630 658 εἰναι.

425 689 549 739 Σῼ.
616 690 683 738 Τί
710 686 794 749 δέ;
835 682 1112 754 λογιστικὴ
1143 685 1233 739 καὶ
1254 705 1544 754 μετρητικη
1564 681 1596 753 ἡ
1619 705 1756 738 κατα
1777 704 1963 739 τεκτο-

287 764 450 836 νικὴν
480 767 570 820 καὶ
593 762 713 819 κατ’
747 764 1050 834 ἐμπορικὴν
1087 771 1182 834 τῆς
1219 764 1357 819 κατὰ
1383 768 1718 834 φιλοσοφίαν
1756 785 1964 834 γεωμε-

197 856 258 901 257
285 852 439 915 τρίας
468 867 526 900 τε
554 848 644 900 καὶ
673 851 953 915 λογισμῶν
982 847 1513 916 καταμελετωμένων
1536 878 1606 885 -
1636 845 1868 914 πότερον
1893 843 1965 910 ὡς

287 934 381 999 μία
402 929 627 995 ἑκατέρα
648 928 868 982 λεκτέον
885 923 920 996 ἢ
941 926 1042 980 δύο
1061 933 1333 996 τιθῶμεν;

427 1014 596 1065 ΠΡῼ.
658 1014 782 1072 Τοῖς
813 1009 1063 1077 πρόσθεν
1094 1008 1361 1077 ἑπόμενος
1391 1006 1552 1078 ἔγωγ’
1586 1003 1657 1062 ἄν
1688 1008 1790 1064 δύο
1826 1008 1961 1064 κατὰ

287 1092 389 1160 τὴν
408 1089 547 1161 ἐμὴν
567 1096 758 1160 ψῆφον
779 1094 994 1158 τιθείην
1014 1091 1278 1157 ἑκατέραν
1297 1089 1524 1144 τούτων.

428 1177 553 1227 Σῼ.
607 1169 832 1238 Ὀρθῶς.
873 1163 943 1224 οὗ
963 1168 1012 1224 δ’
1038 1170 1200 1224 ἕνεκα
1219 1177 1387 1224 ταῦτα
1409 1171 1871 1242 προηνεγκάμεθα
1892 1177 1963 1235 εἰς

286 1252 350 1309 τὸ
372 1256 570 1324 μέσον,
592 1247 699 1322 ἆρα
720 1254 953 1318 ἐννοεῖς;

427 1339 595 1390 ΠΡΩ.
636 1333 812 1401 Ἴσως,
835 1331 972 1387 ἄλλα
995 1335 1054 1386 σὲ
1073 1337 1378 1402 βουλοίμην
1396 1328 1469 1386 ἄν
1488 1330 1884 1404 ἀποφήνασθαι
1902 1334 1962 1389 τὸ

287 1421 395 1470 νῦν
413 1414 783 1484 ἐρωτώμενον.

428 1501 553 1551 ΣΩ.
610 1504 788 1551 Δοκεῖ
811 1499 1003 1549 τοίνυν
1032 1497 1214 1563 ἔμοιγε
1242 1487 1402 1558 οὗτος
1430 1493 1457 1550 ὁ
1480 1495 1640 1563 λόγος
1659 1494 1758 1565 οὐχ
1778 1489 1961 1565 ἧττον,

287 1573 322 1646 ἢ
344 1574 434 1631 ὅτε
464 1578 642 1646 λέγειν
672 1573 845 1630 αὐτὸν
875 1573 1184 1644 ἠρχόμεθα,
1221 1587 1337 1639 ταῖς
1365 1573 1590 1645 ἡδοναῖς
1618 1579 1792 1645 ζητῶν
1812 1573 1962 1630 ἀντί-

225 1674 260 1714 Β
292 1675 539 1726 στροφον
569 1661 814 1711 ἐνταῦθα
858 1659 1317 1727 προβεβληκέναι,
1356 1664 1582 1711 σκοπῶν
1613 1651 1721 1726 ἆρά
1748 1659 1863 1711 ἐστί
1887 1679 1964 1721 τις

290 1739 475 1807 ἑτέρας
506 1737 644 1809 ἄλλη
677 1739 1042 1809 καθαρωτέρα
1063 1739 1357 1809 ἐπιστήμης
1375 1738 1669 1809 ἐπιστήμη,
1709 1739 1962 1807 καθάπερ

291 1818 492 1889 ἡδονῆς
511 1817 700 1890 ἡδονή.

428 1905 599 1954 ΠΡῼ.
652 1902 761 1955 Καὶ
789 1901 934 1970 μάλα
964 1900 1133 1970 σαφὲς
1163 1901 1327 1955 τοῦτό
1362 1922 1452 1969 γε,
1491 1900 1574 1954 ὅτι
1605 1899 1772 1955 ταῦθ’
1805 1903 1963 1956 ἕνεκα

289 1982 504 2037 τούτων
524 1985 943 2052 ἐπικεχείρηκεν.

428 2069 637 2120 XXXV.
695 2069 818 2119 252.
881 2068 950 2117 Τί
974 2057 1106 2129 οὗν;
1146 2056 1236 2131 ἆρ’
1270 2060 1373 2116 οὐκ
1403 2064 1462 2116 ἐν
1493 2060 1592 2131 μὲν
1620 2071 1731 2125 τοῖς
1761 2065 1964 2130 ἔμπρο-

291 2154 431 2202 σθεν
457 2144 541 2200 ἐπ’
576 2144 764 2209 αλλοις
795 2144 969 2215 ἄλλην
998 2146 1193 2214 τέχνην
1222 2137 1399 2198 οὖσαν
1428 2141 1772 2211 ἀνευρίσκειν
1793 2158 1966 2210 σαφε-

291 2229 491 2300 στέραν
511 2230 602 2283 καὶ
621 2226 1002 2298 ασαφεστέραν
1020 2227 1119 2282 ἄλλ
1122 2249 1191 2296 ην
1211 2226 1403 2296 αλλης·
1390 2266 1404 2292 ,

430 2315 601 2364 ΠΡΩ.
655 2309 821 2364 Πανυ
840 2312 941 2379 μὲν
962 2302 1079 2362 οὖν.

432 2397 555 2446 ΣΩ.
608 2390 699 2446 Ἐν
728 2391 944 2455 τούτοις
974 2393 1032 2445 δε
1065 2383 1154 2459 αρ’
1193 2387 1261 2444 οὔ
1289 2411 1410 2443 τινα
1439 2391 1634 2458 τέχνην
1654 2385 1725 2451 ὥς
1745 2384 1967 2455 ὁμωνυ-
2026 2423 2028 2425 -

291 2494 399 2544 μου
430 2472 838 2543 φθεγξαμενος,
871 2477 946 2537 εἰς
976 2473 1144 2537 δόξαν
1173 2469 1513 2540 καταστήσας
1533 2467 1604 2533 ὡς
1624 2475 1773 2539 μιᾶς,
1805 2467 1968 2522 πάλιν
2021 2504 2028 2509 -

229 2572 262 2611 C-
295 2551 367 2619 ὡς
387 2555 592 2608 δυοῖν’
566 2560 881 2626 επανερωτᾷ
911 2553 1134 2609 τούτοιν
1156 2552 1373 2622 αὐτοῖν,
1409 2550 1470 2606 τὸ
1492 2550 1661 2645 σαφὲς
1679 2551 1768 2603 καὶ
1789 2547 1848 2602 τὸ
1869 2569 1969 2601 κα-
2024 2607 2028 2613 ,

2019 2464 2028 2496 ⁴.

292 2634 478 2705 θαρὸν
506 2635 629 2704 περὶ
658 2640 830 2688 ταῦτα
867 2634 1103 2705 πότερον
1137 2633 1170 2705 ἡ
1201 2657 1313 2689 των
1343 2629 1805 2704 φιλοσοφούντων
1833 2624 1869 2698 ἢ
1896 2626 1967 2697 μὴ
2018 2637 2028 2691 3

294 2715 760 2786 φιλοσοφούντων
779 2713 1208 2786 ἄκριβέστερον’
1188 2721 1318 2786 ε’χει;

431 2803 600 2852 ΠΡΩ.
654 2798 763 2852 Καὶ
784 2795 930 2866 μάλα
952 2801 1104 2852 δοκεῖ
1120 2819 1213 2868 μοι
1232 2804 1393 2852 τοῦτο
1415 2798 1696 2864 διερωτᾷν.
