2028 3198
91 174 156 219 65
747 166 1126 215 ΦΑΙΔΡΟΣ.
1680 165 1784 217 203

95 301 168 373 δὴ
204 308 370 359 τοῦτο
407 302 499 357 καὶ
534 298 930 370 κεκόμψευται·
970 303 1113 370 λέγει
1149 298 1256 370 γὰρ
1297 297 1370 365 ὡς
1397 301 1682 371 χαριστέον
1709 300 1782 370 μὴ

104 386 301 455 ἐρῶντι
317 389 532 454 μᾶλλον
550 376 586 451 ἦ
603 382 814 449 ἐρῶντι.

159 491 164 493 >
230 469 369 562 ἰΣΩ.
403 459 475 519 ’Ὠ
492 472 775 533 γενναῖος,
798 468 917 517 εἴθε
936 460 1200 531 γράψειεν
1222 458 1294 526 ὡς
1312 460 1413 533 χρὴ
1435 465 1624 535 πένητι
1642 469 1784 535 μᾶλ-

95 554 200 602 λον
219 542 254 617 ἦ
275 550 550 619 πλουσίῳ,
571 546 662 600 καὶ
682 540 1090 618 πρεσβυτέρω”
1055 567 1088 616 η
1110 549 1387 619 νεωτέρῳ,
1410 547 1500 603 καὶ
1520 545 1625 602 ὅσα
1644 546 1783 605 ἄλλα

94 630 226 698 ἐμοί
249 648 308 683 τε
330 626 592 696 πρόσεστι
611 628 701 683 καὶ
721 638 833 692 τοῖς
851 624 1119 693 πολλοῖς’
1091 649 1274 698 ημων·
1308 622 1345 698 ἦ
1363 626 1470 699 γὰρ
1489 623 1562 684 ἂν
1580 626 1785 686 ἀστεῖοι
1814 639 1848 681 D

100 711 191 766 καὶ
219 714 561 781 δημωφελεῖς
589 707 700 765 εἷεν
719 713 775 764 οι
790 710 961 779 λόγοι.
1017 706 1180 779 ἔγωγ’
1203 702 1309 764 οὖν
1327 708 1504 775 οὕτως
1522 712 1784 767 ἐπιτεθύ-

99 813 245 862 μηκα
265 789 517 862 ἀκοῦσαι,
544 788 675 846 ωστ’
698 789 796 846 ἐὰν
814 795 1051 862 βαδίζων
1069 795 1199 863 ποιῇ
1220 790 1319 846 τὸν
1338 796 1639 861 περίπατον
1659 795 1783 848 Μέ-

100 873 335 944 γαράδε,
385 874 476 928 καὶ
522 870 660 928 κατὰ
693 870 988 941 Ἡρόδικον
1022 869 1270 943 προσβὰς
1304 878 1383 946 τῷ
1419 878 1578 943 τείχει
1616 875 1784 930 πάλιν

91 953 289 1027 ἀπίῃς,
312 951 380 1010 οὗ
399 954 476 1026 μή
495 972 600 1010 σου
619 952 965 1025 ἀπολειφθῶ.

244 1042 396 1092 ΦΑῙ.
451 1042 580 1100 Παῖς
599 1037 801 1107 λέγεις,
823 1028 870 1091 ὦ
887 1039 1131 1107 βέλτιστε
1148 1036 1474 1107 Σωκρατεςς
1511 1043 1615 1092 οἴει
1633 1057 1726 1107 με,
1750 1034 1784 1091 ἃ

100 1123 309 1183 Λυσίας
326 1120 389 1174 έν
406 1124 595 1191 πολλῷ
613 1116 797 1191 χρόνῳ
819 1118 955 1173 κατὰ
980 1116 1184 1191 σχολὴν
1205 1121 1511 1189 συνέθηκε,
1534 1118 1782 1174 δεινότα-
1813 1125 1900 1171 228

100 1220 192 1264 τος
210 1195 290 1254 ὧν
308 1205 421 1254 τῶν
444 1205 548 1254 νῦν
567 1200 804 1270 γράφειν
817 1242 831 1269 ,
863 1206 1035 1255 ταῦτα
1056 1199 1283 1272 ἰδιώτην
1302 1199 1438 1257 ὄντα
1457 1197 1783 1272 ἀπομνημο-

104 1283 322 1336 νεύσειν
341 1278 502 1347 ἀξίως
519 1284 763 1347 ἐκείνου;
784 1286 994 1336 πολλοῦ
1011 1302 1072 1351 γε
1092 1283 1198 1338 δέω
1215 1303 1226 1314 ·
1260 1287 1357 1338 καί
1369 1304 1454 1339 τοι
1473 1283 1785 1355 ἐβουλόμην

103 1361 153 1432 γ’
177 1359 250 1417 ἄν
266 1369 479 1434 μᾶλλον
499 1361 537 1434 ἤ
555 1385 647 1433 μοι
669 1360 814 1418 πολύ
835 1368 1066 1434 χρυσίον
1084 1366 1362 1433 γενέσθαι.

241 1450 300 1500 Π.
375 1450 499 1500 ΣΩ.
542 1440 605 1500 Ὠ
643 1448 850 1515 Φαῖδρε
868 1487 881 1511 ,
921 1449 972 1500 εἰ
1006 1445 1111 1514 ἐγώ
1149 1449 1395 1514 Φαῖδρον
1435 1444 1622 1517 άγνοῶ
1636 1487 1650 1515 ,
1693 1447 1782 1502 καὶ

98 1529 340 1597 ἐμαυτοῦ
381 1529 746 1598 ἐπιλέλησμαι.
797 1525 935 1582 ἀλλὰ
970 1524 1077 1595 γὰρ
1108 1524 1371 1598 οὐδέτερά
1400 1529 1512 1583 ἐστι
1542 1527 1783 1584 τούτων’

98 1602 166 1665 εὖ
195 1606 318 1664 οἶδα
342 1606 427 1663 ὅτι
447 1616 661 1664 Λυσίου
691 1608 859 1678 λόγον
879 1606 1103 1663 ἀκούων
1123 1610 1327 1673 ἐκεῖνος
1347 1606 1416 1664 οὐ
1441 1608 1620 1679 μόνον
1639 1608 1784 1675 ἅπαξ

102 1687 369 1760 ἤκουσεν,
409 1687 546 1744 ἀλλὰ
577 1690 838 1754 πολλάκις
857 1689 1333 1761 ἐπαναλαμβάνων
1351 1691 1602 1747 ἐκέλευέν
1622 1693 1679 1747 οἱ
1694 1692 1786 1747 λε’-

100 1791 240 1840 γειν·
279 1768 306 1823 ὁ
351 1770 408 1825 δὲ
449 1774 697 1827 ἐπείθετο
734 1770 1054 1840 προθύμως.
1122 1776 1199 1843 τῷ
1236 1771 1294 1825 δὲ
1330 1767 1460 1827 οὐδὲ
1500 1777 1673 1827 ταῦτα
1709 1766 1781 1843 ἦν
1813 1781 1843 1821 Β

98 1852 289 1920 ἱκανά,
330 1849 470 1907 ἀλλὰ
502 1859 773 1906 τελευτῶν
793 1850 1135 1922 παραλαβών
1152 1849 1213 1906 τὸ
1234 1858 1452 1923 βιβλίον
1486 1850 1521 1908 ὁὶ
1550 1853 1783 1924 μάλιστα

102 1932 361 2003 ἐπεθύμει
380 1932 697 2003 ἐπεσκόπει,
738 1933 827 1987 καὶ
847 1937 1010 1987 τοῦτο
1030 1935 1208 2002 δρῶν,
1246 1934 1301 1998 ἐξ
1323 1933 1571 1990 ἑωθινοῦ
1601 1936 1785 2006 καθή-

95 2033 286 2083 μενος,
322 2011 572 2070 άπειπων
593 2019 668 2079 εἰς
688 2018 991 2083 περίπατον
1010 2012 1119 2086 ἤει,
1150 2035 1224 2078 ως
1242 2014 1346 2084 μὲν
1365 2012 1471 2084 ἐγω
1492 2013 1779 2088 οἶμαι,νὴ

97 2096 200 2149 τόν
230 2094 402 2165 κύνα,
440 2096 856 2166 ἐξεπιστάμενος
882 2093 981 2152 τὸν
1011 2096 1207 2166 λόγον,
1246 2100 1296 2150 εί
1321 2093 1395 2166 μὴ
1428 2095 1578 2151 πάνυ
1611 2119 1691 2162 τις
1711 2090 1781 2169 ἦν

5 2183 11 2193 “
97 2175 320 2245 μακρός.
357 2178 647 2246 ἐπορεύετο
670 2176 719 2233 δ’
745 2176 897 2243 ἐκτὸς
916 2182 1152 2247 τειχους,
1171 2180 1227 2231 ἵν
1230 2199 1263 2231 α
1283 2176 1540 2250 μελετωη.
1598 2175 1779 2233 ἄπαν-

98 2257 266 2327 τήσας
286 2257 343 2314 δὲ
370 2264 446 2331 τῷ
468 2265 727 2315 νοσοῦντι
747 2261 870 2329 περὶ
891 2259 1074 2328 λόγων
1095 2257 1296 2328 άκοήν,
1321 2254 1457 2313 ίδων
1476 2258 1577 2330 μὲν
1604 2259 1779 2332 [ίδων]

6 2219 29 2433 ξ
93 2335 244 2408 ἥσθη
259 2380 274 2407 ,
308 2337 388 2393 ὅτι
409 2339 517 2404 ἕξοι
535 2338 636 2394 τὸν
655 2345 1243 2410 συγκορυβαντιῶντα,
1265 2339 1356 2395 καὶ
1377 2340 1643 2411 προάγειν
1662 2343 1781 2397 ἐκέ-

94 2425 218 2473 λευε
235 2438 247 2452 ·
286 2422 552 2491 δεομένου
586 2421 642 2477 δὲ
663 2422 842 2491 λέγειν
862 2425 963 2475 τοῦ
982 2427 1095 2475 τῶν
1115 2420 1296 2490 λόγων
1314 2423 1576 2492 ἐραστοῦ,
1608 2422 1784 2493 έθρύ-
1811 2432 1842 2475 C

95 2520 256 2555 πτετο
287 2498 360 2565 ως
391 2501 457 2572 δὴ
489 2502 592 2557 οὐκ
622 2505 915 2573 ἐπιθυμῶν
946 2505 1151 2572 λέγειν·
1190 2509 1463 2561 τελευτῶν
1491 2505 1550 2562 δὲ
1571 2509 1775 2575 ἔμελλε,

0 2623 6 2689 Ι
38 2575 49 2645 ’,
93 2582 183 2636 καὶ
221 2584 270 2635 εί
303 2579 378 2649 μή
415 2602 493 2645 τις
534 2581 676 2637 ἑκών
694 2582 919 2653 ἀκούοι,
957 2590 1051 2657 βίᾳ
1080 2586 1240 2653 ἐρεῖν.
1299 2586 1370 2642 σύ
1390 2581 1523 2658 οὖν,
1563 2580 1609 2643 ὦ
1640 2593 1779 2643 Φαῖ-

3 2690 6 2701 ·
93 2666 217 2730 δρε,
246 2658 420 2717 αὐτοῦ
450 2665 705 2734 δεήθητι,
737 2662 872 2734 ὅπερ
890 2666 1023 2736 τάχα
1040 2666 1260 2733 πάντως
1275 2669 1521 2739 ποιήσει,
1546 2675 1654 2723 νῦν
1671 2667 1776 2739 ἤδη

0 2741 7 2820 Ἐ
91 2757 284 2801 ποιδῒν.

0 2825 14 3198 ἱ
237 2832 383 2883 ΦΑΙ.
438 2827 580 2897 Ἐμοὶ
614 2827 685 2893 ὡς
705 2825 928 2899 άληθῶς
948 2832 1092 2886 πολὺ
1112 2831 1407 2901 κράτιστόν
1431 2832 1581 2887 ἐστιν
1599 2828 1778 2896 οὕτως
