2028 3198
612 175 1201 226 ΠΑΡΜΕΝΙΔΗΣ.
1716 173 1748 222 5

69 309 209 367 αὐτὰ
244 309 310 366 τὰ
340 312 475 381 γένη
497 328 557 364 τε
585 309 676 363 καὶ
704 311 822 378 εἴδη
854 310 914 363 ἐν
943 306 1131 373 αὑτοῖς
1161 306 1463 379 ἀποφαίνοι
1490 303 1750 362 τάναντία

69 398 240 447 ταῦτα
266 389 424 460 πάθη
445 388 755 459 πάσχοντα,
793 386 947 453 ἄξιον
965 389 1296 460 θαυμάζειν·
1335 394 1386 445 εί
1401 387 1452 445 δ’
1476 387 1570 460 ἐμὲ
1593 390 1656 445 ἓν
1671 410 1752 453 τις

67 471 339 537 ἀποδείξει
367 468 502 526 ὄντα
534 471 626 525 καὶ
654 469 856 540 πολλά,
898 476 954 525 τί
980 470 1332 542 θαυμαστόν,
1370 474 1573 542 λέγων,
1614 469 1749 526 ὅταν

65 553 168 623 μὲν
194 553 462 623 βούληται
485 549 660 607 πολλὰ
682 549 1040 623 ἀποφαίνειν,
1083 550 1154 616 ὥς
1172 554 1331 621 ἕτερα
1350 553 1451 623 μὲν
1470 552 1535 607 τὰ
1553 553 1639 608 ἐπὶ
1658 555 1750 607 δε·-

65 635 150 702 ξιά
169 635 279 706 μού
307 637 480 703 ἐστιν,
520 635 678 702 ἕτερα
709 633 768 689 δὲ
796 633 862 688 τὰ
894 631 980 688 ἐπ’
1012 632 1304 705 ἀριστερά,
1340 637 1431 689 καὶ
1459 635 1617 703 ἕτερα
1646 632 1750 704 μὲν

68 716 133 773 τά
171 716 452 785 πρόσθεν,
489 715 646 783 ἔτερα
684 717 744 770 δὲ
778 713 844 769 τὰ
891 714 1156 785 ὄπισθεν,
1195 717 1286 770 καὶ
1320 714 1435 770 ἄνω
1473 717 1563 769 καὶ
1599 713 1747 769 κάτω

67 797 353 864 ὠσαύτως·
391 798 648 870 πλήθους
667 798 803 868 γάρ,
828 796 1003 869 οἶμαι,
1024 805 1252 868 μετέχω·
1292 796 1428 852 ὅταν
1449 798 1506 852 δὲ
1525 799 1614 867 ἕν,
1639 799 1752 867 ἐρεῖ

67 880 140 947 ὥς
157 880 289 938 ἑπτὰ
306 878 463 952 ἡμῶν
481 880 662 936 ὄντων
682 876 757 944 εἶς
777 880 884 949 ἐγώ
905 885 1012 950 εἰμι
1031 879 1358 951 ἄνθρωπος,
1397 880 1636 950 μετέχων
1654 879 1747 933 καὶ
1775 886 1811 927 Β

64 969 167 1018 τοῦ
196 962 343 1027 ἑνός·
383 960 521 1017 ὥστε
541 959 726 1032 ἀληθῆ
747 959 1045 1032 ἀποφαίνει
1064 960 1365 1033 ἀμφότερα.
1422 959 1522 1018 έάν
1545 953 1651 1015 οὖν
1669 982 1750 1027 τις

64 1051 288 1100 τοιαῦτα
306 1046 549 1115 ἐπιχειρῇ
567 1041 744 1099 πολλὰ
765 1045 855 1099 καὶ
876 1046 938 1098 ἓν
955 1041 1126 1098 ταύτὰ
1148 1042 1508 1115 ἀποφαίνειν,
1548 1048 1748 1107 λίθους

61 1130 154 1184 καὶ
183 1126 319 1192 ξύλα
352 1128 443 1182 καὶ
471 1125 537 1181 τὰ
566 1134 823 1198 τοιαῦτα,
861 1128 1113 1198 φήσομεν
1142 1125 1319 1182 αὐτὸν
1349 1125 1525 1182 πολλὰ
1556 1128 1647 1182 καὶ
1685 1129 1748 1181 ἓν

63 1209 489 1274 ἀποδεικνύναι,
529 1207 596 1264 οὗ
616 1209 677 1264 τὸ
701 1212 764 1265 ἓν
782 1211 958 1266 πολλὰ
979 1208 1110 1266 οὐδὲ
1128 1209 1194 1265 τὰ
1217 1207 1393 1266 πολλὰ
1415 1210 1504 1280 ἔν,
1544 1205 1680 1264 οὐδέ
1695 1230 1748 1263 τι

62 1290 393 1363 θαυμαστὸν
420 1296 624 1361 λέγειν,
663 1289 785 1347 ἀλλ’
826 1291 966 1360 ἅπερ
1003 1288 1075 1347 ἄν
1110 1293 1313 1357 πάντες
1350 1289 1743 1362 ὁμολογοῖμεν·

63 1370 162 1428 ἐὰν
190 1374 253 1427 δέ
278 1394 385 1440 τις,
423 1369 455 1425 ὂ
484 1377 592 1425 νῦν
622 1371 687 1442 δή
720 1369 827 1441 ἐγω
855 1376 1072 1444 ἔλεγον,
1111 1380 1334 1445 πρῶτον
1354 1372 1455 1444 μὲν
1476 1377 1748 1444 διαιρῆται

61 1455 224 1524 χωρὶς
242 1452 383 1508 αὐτὰ
402 1451 538 1507 καθ’
558 1450 697 1507 αὑτά
719 1454 783 1508 τὰ
804 1457 920 1524 εἴδη
936 1496 951 1523 ,
973 1450 1094 1509 οἷον
1112 1453 1408 1526 ὁμοιότητά
1426 1476 1484 1510 τε
1503 1457 1594 1511 καὶ
1612 1452 1748 1510 ἀνο-

60 1534 319 1605 μοιότητα
352 1535 442 1589 καὶ
472 1540 690 1604 πλῆθος
711 1537 800 1590 καὶ
820 1534 880 1591 τὸ
902 1540 964 1591 ἓν
983 1539 1074 1592 καὶ
1094 1537 1289 1592 στάσιν
1305 1539 1398 1593 καὶ
1417 1543 1636 1608 κίνησιν
1654 1537 1745 1592 καὶ
1775 1548 1807 1587 E

61 1615 241 1670 πάντα
269 1613 336 1670 τὰ
366 1622 592 1670 τοιαῦτα
608 1658 623 1685 ,
663 1614 775 1671 εἶτα
795 1620 854 1671 ἐν
878 1619 1091 1683 ἑαυτοῖς
1109 1623 1280 1673 ταῦτα
1302 1619 1586 1689 δυνάμενα
1605 1635 1745 1689 συγ-

5 1760 8 1761 ⁷
61 1694 443 1763 κεράννυσθαι
480 1698 570 1751 καὶ
612 1701 995 1767 διακρίνεσθαι
1032 1698 1343 1772 ἀποφαίνῃ,
1394 1698 1636 1770 ἀγαίμην
1673 1695 1746 1754 ἀν

61 1775 245 1846 ἔγωγ’,
284 1781 418 1847 ἔφη,
455 1785 818 1849 θαυμαστῶς,
857 1774 1133 1852 ὦΖήνων.
1191 1787 1363 1836 ταῦτα
1396 1783 1455 1836 δὲ
1476 1779 1745 1850 ἀνδρείως

59 1858 162 1928 μὲν
180 1858 332 1913 πάνυ
350 1856 590 1930 ἡγοῦμαι
610 1866 1138 1931 πεπραγματεῦσθαι
1151 1883 1161 1894 ·
1202 1860 1347 1918 πολὺ
1367 1860 1520 1933 μέντ’
1542 1858 1615 1917 ἀν
1636 1855 1744 1918 ὦδε

58 1944 299 2009 μᾶλλον,
331 1938 405 2004 ὥς
422 1942 592 2011 λέγω,
625 1940 959 2014 ἀγασθείην,
992 1951 1048 1999 εί
1055 1966 1134 2009 τις
1154 1949 1264 2015 ἔχοι
1281 1942 1386 2015 τὴν
1406 1941 1582 2016 αὐτὴν
1600 1941 1743 1999 ἀπο-

58 2029 185 2091 ρίαν
198 2024 261 2077 ἐν
275 2020 462 2088 αὐτοῖς
477 2034 589 2088 τοῖς
606 2029 772 2081 εἴδεσι
789 2029 1153 2091 παντοδαπῶς
1169 2028 1530 2098 πλεκομένην,
1555 2025 1740 2095 ὥσπερ
1775 2038 1864 2083 130

56 2103 119 2158 ἐν
155 2114 269 2168 τοῖς
304 2101 606 2175 ὁρωμένοις
642 2107 924 2178 διήλθετε,
966 2106 1113 2162 οὕτω
1150 2110 1241 2164 καὶ
1270 2111 1332 2164 έν
1358 2120 1469 2173 τοῖς
1496 2115 1742 2182 λογισμῷ

57 2188 494 2255 λαμβανομένοις
510 2190 783 2254 ἐπιδεῖξαι.

197 2270 280 2321 1v.
356 2269 634 2337 Λέγοντος
651 2271 748 2341 δή,
791 2275 897 2340 ἔφη
918 2268 947 2324 ὁ
967 2269 1342 2340 Πυθόδωρος,
1380 2278 1481 2327 τοῦ
1498 2272 1742 2341 Σωκρά-

54 2365 183 2410 τους
215 2353 387 2404 ταῦτα
414 2347 582 2414 αὐτὸς
612 2350 713 2421 μὲν
744 2359 962 2408 οἴεσθαι
980 2350 1072 2421 ἐφ’
1093 2350 1328 2408 ἑκάστου
1347 2351 1625 2423 ἄχθεσθαι
1641 2353 1742 2409 τόν

57 2445 115 2479 τε
139 2431 494 2501 Παρμενίδην
524 2433 614 2487 καὶ
643 2431 744 2488 τὸν
773 2434 1035 2503 Ζήνωνα,
1072 2434 1202 2500 τούς
1233 2437 1293 2491 δὲ
1323 2435 1474 2490 πάνυ
1502 2456 1559 2490 τε
1589 2433 1741 2508 αὐτῷ

55 2509 343 2578 προσέχειν
360 2509 459 2566 τὸν
478 2519 617 2568 νοῦν
638 2515 727 2569 καὶ
746 2514 902 2585 θαμὰ
922 2519 997 2580 είς
1014 2514 1286 2613 ἀλλήλους
1301 2519 1607 2588 βλέποντας
1620 2538 1741 2588 μει-

55 2588 187 2658 διᾷν
216 2610 289 2653 ως
315 2587 625 2660 ἀγαμένους
652 2593 753 2649 τὸν
777 2595 1064 2668 Σωκράτη.
1122 2595 1258 2668 ὅπερ
1289 2591 1393 2653 οὖν
1412 2600 1502 2654 καὶ
1520 2614 1739 2653 παυσα-

51 2670 226 2738 μένου
243 2667 419 2725 αὐτοῦ
448 2676 622 2728 εἰπεῖν
652 2673 751 2730 τὸν
766 2680 1151 2749 Παρμενίδην,
1183 2672 1246 2734 Ὠ
1265 2679 1589 2749 Σώκρατες,
1627 2678 1738 2749 φά-

17 2828 20 2829 ⁷
54 2768 173 2819 ναι,
212 2772 287 2817 ως
315 2749 463 2818 ἄξιος
492 2751 538 2808 εἶ
565 2753 810 2824 αγασθαι
838 2764 933 2829 τῆς
951 2757 1122 2830 ὁρμῆς
1141 2767 1235 2831 τῆς
1254 2763 1340 2816 ἐπὶ
1360 2761 1490 2826 τοὺς
1509 2759 1736 2832 λόγους·
1770 2776 1804 2816 Β

31 2834 150 2886 «καί
172 2853 266 2901 μοι
293 2837 438 2902 εἰπέ,
478 2833 646 2900 αὐτὸς
675 2836 746 2891 σύ
777 2860 923 2894 ουτω
953 2840 1208 2913 διῄρησαι
1239 2838 1310 2906 ὡς
1341 2844 1539 2912 λέγεις,
1577 2843 1741 2912 χωρὶς
