2028 3198
315 170 386 223 94
925 149 1405 221 HAATsszz

456 311 581 362 ΣΩ.
634 312 811 360 Δοκεῖ
841 302 963 359 τότε
1000 302 1161 375 ἡμῶν
1198 303 1233 376 ἡ
1271 303 1418 377 ψυχὴ
1453 311 1646 381 βιβλίῳ
1679 307 1786 362 τινὶ
1824 326 1993 376 προσ-

316 389 566 442 εοικέναι.

452 473 622 523 ΠΡΩ.
679 473 837 533 110393

232 563 286 607 39
455 554 578 604 ΣΩ.
627 546 699 605 Ἡ
712 550 898 621 μνήμη
920 562 1036 614 ταῖς
1055 551 1347 622 αἰσθήσεσι
1366 556 1748 622 ξυμπίπτουσα
1769 557 1844 618 εἰς
1861 550 1994 608 ταύ-

313 632 429 702 τόν,
452 630 680 687 κάκεῖνα
702 629 736 686 ὁὶ
757 635 882 703 περὶ
900 632 1072 687 ταῦτά
1094 636 1207 689 ἐστι
1237 633 1304 688 τὰ
1334 634 1635 705 παθήματα
1649 677 1663 704 ,
1702 640 1996 704 φαίνονταιΙ

312 736 404 786 μοι
423 712 619 784 σχεδὸν
639 709 760 769 οἷον
778 715 1016 785 γράφειν
1034 713 1195 786 ἡμῶν
1214 718 1274 770 ἐν
1288 725 1404 779 ταῖς
1418 726 1615 786 ψυχαῖς
1630 717 1751 772 τότε
1768 718 1991 788 λόγους·

311 798 403 851 καὶ
421 794 556 851 ὅταν
574 795 676 866 μὲν
691 793 875 867 ἀληθῆ
889 797 1077 869 γράψῃ
1094 803 1257 851 τοῦτο
1277 797 1338 851 τὸ
1360 797 1767 867 πάθημα,-δόξα
1785 821 1842 854 τε
1862 797 1997 869 ἀλη-

312 875 422 948 θὴς
441 879 532 933 καὶ
564 879 719 947 λόγοι
749 875 845 932 ἀπ’
884 878 1060 933 αὐτοῦ
1090 882 1488 951 ξυμβαίνουσιν
1518 877 1744 950 ἀληθεῖς
1774 883 1834 934 ἐν
1862 878 1996 951 ἡμῖν

314 959 635 1028 γιγνόμενοι
649 979 662 990 ·
683 964 864 1030 ψευδῆ
883 958 934 1015 δ’
959 959 1094 1016 ὅταν
1113 959 1142 1016 ὁ
1162 967 1411 1026 τοιοῦτος
1429 959 1560 1029 παρ’
1585 960 1717 1032 ἡμῖν
1734 983 1982 1033 γραμμα-

311 1039 436 1104 τεὺς
453 1040 658 1112 γράψῃ,
679 1039 942 1097 τάναντία
960 1054 1072 1107 τοῖς
1091 1040 1357 1113 ἀληθέσιν
1376 1041 1567 1114 ἀπέβη.

252 1135 279 1176 Β
450 1129 619 1178 ΠΡῼ.
670 1122 837 1178 Πάνυ
867 1123 967 1195 μὲν
997 1118 1101 1179 οὖν
1132 1128 1284 1180 δοκεῖ
1308 1147 1427 1195 μοι,
1461 1127 1552 1179 καὶ.
1573 1123 1908 1195 ἀποδέχομαι
1927 1123 1993 1179 τά

311 1207 554 1276 ῥηθέντα
575 1203 767 1269 οὕτως.

450 1293 576 1342 ΣΩ.
630 1285 924 1357 Ἀποδέχου
956 1286 1021 1356 δὴ
1052 1288 1142 1342 καὶ
1172 1288 1360 1358 ἕτερον
1384 1287 1723 1358 δημιουργὸν
1750 1286 1908 1360 ἡμῶν
1935 1291 1992 1343 ἐν

311 1379 426 1434 ταῖς
445 1380 643 1440 ψυχαῖς
664 1372 723 1423 ἐν
741 1375 819 1442 τῷ
838 1368 960 1423 τότε
977 1367 1158 1441 χρόνῳ
1181 1370 1530 1440 γιγνόμενον.

450 1457 619 1506 ΠΡΩ.
684 1457 734 1505 Τ
730 1455 847 1516 ίνα;

450 1537 576 1587 ΣΩ.
633 1533 965 1603 Ζωγράφον,
989 1530 1049 1596 ὃς
1068 1532 1201 1603 μετὰ
1224 1532 1323 1588 τὸν
1341 1533 1754 1604 γραμματιστὴν
1768 1539 1880 1587 τῶν
1899 1540 1985 1588 λε-

310 1617 563 1684 γομένων
584 1613 802 1678 εἰκόνας
820 1616 880 1670 ἐν
901 1621 967 1686 τῇ
988 1621 1135 1685 ψυχῇ
1156 1615 1369 1670 τούτων
1386 1615 1600 1685 γράφει.

450 1700 621 1750 ΠΡῼ.
678 1702 808 1760 Πῶς
828 1694 893 1767 δὴ
916 1703 1119 1751 τοῦτον
1140 1690 1217 1751 αὖ
1233 1701 1324 1753 καὶ
1343 1696 1475 1752 πότε
1496 1698 1753 1768 λέγομεν;

449 1782 572 1831 Σῼ.
613 1775 782 1832 Ὅταν
813 1776 906 1832 ἀπ’
941 1777 1120 1843 ὅψεως
1147 1778 1185 1850 ἤ
1214 1802 1363 1844 τινος
1392 1778 1558 1850 ἄλλης
1587 1778 1898 1851 αἰσθήσεως
1921 1778 1987 1834 τὰ

310 1857 432 1913 τότε
471 1858 800 1928 δοξαζόμενα
844 1861 935 1914 καὶ
983 1861 1251 1930 λεγόμενα
1289 1859 1591 1931 ἀπαγαγών
1627 1883 1707 1925 τις
1747 1859 1842 1926 τὰς
1876 1867 1988 1916 τῶν
2024 1931 2028 1938 1

252 1956 280 1998 c
311 1941 700 2005 δοξασθέντων
727 1941 818 1995 καὶ
848 1943 1160 2011 λεχθέντων
1187 1942 1403 2006 εἰκόνας
1432 1944 1491 1997 ἐν
1529 1939 1679 2015 αὐτῷ
1716 1940 1821 2014 ὁρᾷ
1856 1962 1985 2006 πως.

306 2017 343 2091 ἢ
359 2028 526 2076 τοῦτο
548 2019 650 2076 οὐκ
668 2026 781 2077 ἔστι
799 2023 1132 2094 γιγνόμενον
1151 2022 1281 2094 παρ’
1302 2021 1462 2094 ἡμϊν;

447 2108 616 2159 ΠΡΩ.
673 2105 912 2174 Σφόδρα
931 2106 1031 2177 μὲν
1050 2100 1170 2161 οὖν.

448 2191 573 2242 ΣΩ.
629 2184 858 2242 Οὐκοῦν
889 2193 948 2243 αι’
973 2187 1074 2259 μὲν
1102 2195 1214 2243 τῶν
1238 2186 1469 2259 ἀληθῶν
1498 2191 1675 2254 δοξῶν
1693 2190 1785 2245 καὶ
1803 2188 1987 2259 λόγων

310 2268 519 2332 εἰκόνες
538 2266 793 2339 ἀληθεῖς,
816 2273 876 2325 αί
891 2270 949 2326 δὲ
969 2277 1082 2326 τῶν
1098 2273 1322 2337 ψευδῶν
1341 2274 1588 2337 ψευδεῖς;

448 2356 616 2404 ΠΡΩ.
678 2350 1050 2407 Παντάπασιν.

447 2436 572 2486 ΣΩ.
626 2436 699 2487 Εἰ
713 2427 781 2499 δὴ
804 2434 963 2488 ταῦτ’
987 2433 1174 2505 ὀρθῶς
1195 2434 1516 2505 εἰρήκαμεν,
1547 2438 1626 2489 ἔτι
1643 2435 1735 2490 καὶ
1753 2433 1880 2490 τόδε
1899 2437 1980 2489 ἐπὶ

303 2511 518 2576 τούτοις
538 2512 888 2583 σκεψώμεθα.

442 2598 614 2650 ΠΡΩ.
677 2593 751 2650 Τὸ
778 2608 965 2663 novom

444 2679 568 2731 ΣΩ.
630 2679 703 2731 Εἰ
737 2677 860 2744 περὶ
896 2677 997 2746 μὲν
1032 2683 1145 2733 τῶν
1181 2674 1361 2733 ὄντων
1397 2678 1486 2732 καὶ
1522 2682 1634 2732 τῶν
1671 2686 1980 2746 γεγονότων

302 2754 472 2812 ταῦθ’
494 2754 627 2828 ἡμῖν
642 2754 789 2812 οὕτω
808 2757 1038 2827 πάσχειν
1058 2756 1378 2829 ἀναγκαῖον,
1400 2759 1522 2827 περὶ
1540 2757 1598 2812 δὲ
1612 2763 1725 2812 τῶν
1743 2758 1978 2829 μελλόν-

302 2861 413 2895 των
435 2860 531 2905 ους
