2028 3198
131 26 141 32 ,
167 0 893 35 ἰῐἺνπῗΓῑῖε”Ῡ’””.’“.“3·«ἶ’”·ῖ“’·-”9·Ἦὸ’,5
933 0 987 29 .”“,-’
1012 0 1090 30 ⁷72¹·
1112 26 1114 30 ,
1136 0 1140 2 ’
1163 0 1189 18 ἶ·
1239 0 1270 6 ’“

128 35 141 44 Ι
220 32 235 41 ν’
311 38 314 43 -
702 44 707 49 .
761 45 766 51 .

740 124 1138 190 ΦΙΛΗΒΟΣ.
1705 139 1773 190 63

83 275 626 346 προσρηθησόμενον
643 271 832 342 ὀρθῶς
846 273 1076 344 ἄμεινον
1095 271 1300 346 ἡδονῆς
1316 295 1379 345 γε
1398 272 1621 345 ἀγαθὸν
1636 274 1775 332 εἶναι

86 366 254 427 νοῦν,
275 357 605 428 ἐπιστήμην,
627 355 884 426 σύνεσιν,
906 357 1131 426 τέχνην,
1151 358 1242 411 καὶ
1262 356 1444 412 πάντα
1462 351 1537 413 αὖ
1555 357 1620 413 τὰ
1640 357 1775 414 τού-

83 463 197 496 των
225 446 488 511 ξυγγενῆ,
525 435 561 493 ἃ
585 443 825 492 κτᾶσθαι
850 441 994 507 δεῖν,
1026 435 1150 493 ἀλλ’
1184 436 1304 509 οὐχὶ
1326 441 1522 495 ἐκεῖνα.
1561 439 1776 496 τούτων

86 520 153 594 δὴ
182 518 303 594 μετ’
341 519 803 592 ἀμφισβητήσεως
838 521 1114 588 ἑκατέρων
1149 523 1466 590 λεχθέντων
1497 521 1653 595 ἡμεῖς
1688 542 1775 579 σοι

82 602 218 676 μετὰ
246 607 467 668 παιδιᾶς
494 601 897 675 ἠπειλήσαμεν,
930 599 1004 667 ὥς
1029 599 1134 658 οὐκ
1159 600 1449 674 ἀφήσομεν
1479 609 1672 662 οἴκαδέ
1695 622 1773 676 σε,

84 686 219 755 πρὶν
238 679 313 740 ἀν
325 685 543 740 τούτων
557 692 673 740 τῶν
688 686 873 755 λόγων
887 689 1055 756 πέρας
1072 684 1271 740 ἰκανὸν
1285 688 1514 757 γένηταί
1525 710 1576 742 τι
1597 692 1772 757 διορι-
1801 694 1834 735 Ε

88 770 355 824 σθέντων.
394 766 466 823 σύ
496 766 562 838 δὴ
593 767 982 839 συνεχώρησας
1010 770 1101 824 καὶ
1130 771 1337 832 ἔδωκας
1357 773 1433 833 εἰς
1452 767 1621 825 ταῦθ’
1642 768 1776 841 ἡμῖν

94 850 316 920 σαυτόν,
337 848 493 921 ἡμεῖς
512 852 571 907 δὲ
592 849 658 922 δὴ
679 853 938 922 λέγομεν,
961 850 1219 919 καθάπερ
1241 853 1298 905 οί
1313 854 1527 920 παῖδες,
1559 850 1644 907 ὅτι
1661 859 1774 907 τῶν

23 930 38 947 ³
84 932 273 1002 ὀρθῶς
291 936 577 989 δοθέντων
597 931 887 1003 ἀφαίρεσις
907 931 1011 989 οὐκ
1032 938 1144 989 ἔστι
1157 955 1167 964 ·
1208 938 1417 988 παῦσαι
1436 932 1504 1005 δὴ
1524 933 1624 990 τὸν
1642 936 1774 1004 τρό-

23 1016 38 1078 S
82 1037 191 1072 πον
213 1014 345 1087 ἡμῖν
366 1014 631 1071 ἀπαντῶν
647 1022 850 1071 τοῦτον
869 1018 955 1072 ἐπὶ
974 1016 1040 1071 τὰ
1062 1022 1170 1071 νῦν
1189 1016 1477 1087 λεγόμενα.

23 1096 43 1111 ““
222 1103 348 1154 ΣΩ.
408 1104 544 1154 Τίνα
569 1101 771 1169 λέγεις;

223 1185 393 1236 ΠΡΩ.
451 1186 549 1245 Εἰς
579 1179 819 1250 ἀπορίαν
846 1183 1139 1254 ἐμβάλλων
1166 1185 1258 1240 καὶ
1278 1181 1576 1255 ἀνερωτῶν
1597 1176 1644 1239 ω’
1647 1207 1678 1239 ν
1698 1182 1772 1257 μὴ
1802 1192 1860 1236 '20

86 1263 387 1335 δυναίμεθ’
419 1259 493 1319 ἀν
523 1262 724 1335 ἱκανὴν
752 1263 1050 1334 ἀπόκρισιν
1078 1267 1141 1321 έν
1167 1272 1246 1340 τῷ
1282 1265 1517 1337 παρόντι
1554 1267 1772 1324 διδόναι

86 1365 190 1403 σοι.
223 1346 297 1418 μὴ
325 1345 433 1417 γὰρ
464 1346 716 1418 οἰώμεθα
736 1350 889 1412 τέλος
916 1344 1050 1419 ἡμῖν
1079 1345 1219 1402 εἶναι
1245 1355 1360 1404 τῶν
1378 1356 1488 1405 νῦν
1504 1348 1607 1421 τὴν
1626 1351 1772 1406 πάν-

24 1427 49 1499 'z
84 1451 198 1485 των
217 1427 376 1500 ἡμων
404 1428 671 1499 ἀπορίαν,
710 1426 833 1484 ἀλλ’
866 1434 916 1485 εἰ
933 1432 1076 1502 δρᾷν
1094 1428 1261 1485 τοῦθ’
1283 1428 1437 1501 ἡμεῖς
1457 1429 1772 1487 ἀδυνατοῦ-

11 1510 35 1530 ”
84 1533 203 1584 μεν,
228 1513 315 1568 σοὶ
334 1515 624 1582 δραστέον·
646 1509 891 1583 ὑπέσχου
909 1513 1032 1582 γάρ.
1052 1511 1332 1583 βουλεύου
1353 1513 1419 1583 δὴ
1440 1511 1578 1582 πρὸς
1597 1520 1770 1569 ταῦτα

83 1593 280 1665 αὐτός,
310 1594 547 1665 πότερον
574 1593 779 1665 ἡδονῆς
797 1598 914 1696 εἴδη
936 1611 1023 1650 σοι
1044 1595 1135 1650 καὶ
1156 1595 1451 1694 ἐπιστήμης
1470 1598 1772 1667 διαιρετέον

83 1701 116 1749 η
95 1674 232 1732 ’καὶ
262 1681 481 1747 ἐατέον,
521 1685 574 1733 εἰ
598 1699 673 1749 πη
701 1675 839 1733 καθ’
874 1677 1067 1747 ἕτερόν
1102 1699 1225 1732 τινα
1266 1678 1478 1747 τρόπον
1514 1673 1628 1744 οἷός
1652 1678 1694 1735 τ’
1726 1680 1773 1736 εἰ

85 1761 178 1814 καὶ
203 1758 395 1829 βούλει
424 1764 673 1831 δηλωσαί
700 1781 815 1825 πως
846 1759 1024 1824 ἄλλως
1053 1757 1119 1814 τὰ
1150 1767 1258 1815 νῦν
1277 1759 1770 1833 ἀμφισβητούμενα

83 1838 214 1909 παρ’
236 1836 368 1912 ἡμῖν

226 1928 350 1980 ΣΩ.
410 1924 622 1981 Δεινὸν
647 1923 752 1995 μὲν
781 1930 975 1980 τοίνυν
1012 1929 1088 1980 ἔτι
1125 1929 1449 1999 προσδοκᾶν
1485 1924 1653 1983 οὐδεν
1689 1931 1777 1983 δεῖ
1800 1938 1833 1979 Β

37 2005 182 2074 ’τὸν
199 2006 319 2077 ἐμέ,
360 2005 544 2079 ἐπειδὴ
574 2006 738 2064 τοῦθ’
774 2006 953 2073 οὕτως
973 2007 1142 2074 εἶπες
1183 2006 1244 2065 τό
1267 2007 1372 2079 γὰρ
1395 2013 1444 2065 εἰ
1458 2009 1650 2080 βούλει
1671 2012 1771 2081 ρη-

35 2080 187 2144 &he
206 2087 325 2144 λύει
342 2089 525 2146 πάντα
546 2090 730 2163 φόβον
749 2091 995 2147 εκάστων
1017 2093 1154 2160 πέρι.
1187 2089 1326 2160 πρὸς
1346 2093 1404 2145 δε
1424 2088 1608 2157 αὐτοῖς
1627 2092 1768 2163 μνή-

22 2115 69 2238 Ξ.
80 2192 192 2243 μην
209 2170 334 2227 τινὰ
358 2176 516 2228 δοκεῖ
526 2179 607 2239 τίς
625 2194 718 2244 μοι
738 2175 1038 2229 δεδωκέναι
1058 2179 1214 2227 θεῶν
1231 2170 1379 2243 ἡμῖν.

222 2258 389 2310 ΠΡΩ.
440 2261 570 2322 Πῶς
590 2255 656 2327 δὴ
678 2257 767 2312 καὶ
786 2263 982 2323 τίνων;

225 2341 286 2393 Χ.
361 2344 484 2395 ΣΩ.
538 2339 741 2410 Λόγων
770 2341 904 2394 ποτέ
927 2361 1096 2394 τινων
1123 2339 1291 2394 πάλαι
1310 2336 1555 2405 ἀκούσας
1575 2339 1714 2411 ὅναρ
1734 2339 1769 2413 ἢ

82 2421 174 2474 καὶ
194 2418 507 2490 ἐγρηγορως
526 2427 634 2477 νῦν
662 2425 841 2478 ἐννοῶ
862 2427 991 2490 περί
1014 2444 1071 2477 τε
1091 2419 1294 2493 ἡδονῆς
1313 2425 1403 2479 καὶ
1424 2423 1767 2496 φρονήσεως,

82 2497 156 2565 ὥς
186 2498 483 2570 οὐδέτερον
513 2500 705 2558 αὐτοῖν
733 2506 843 2559 ἐστὶ
871 2502 1152 2575 τάγαθόν,
1192 2500 1316 2561 ἀλλ’
1339 2505 1476 2563 ἄλλο
1497 2530 1545 2563 τι
1566 2514 1768 2577 τρίτον,

23 2598 46 2657 g
82 2583 274 2655 ἕτερον
290 2583 392 2655 μὲν
410 2584 640 2655 τούτων,
663 2585 894 2670 ἄμεινον
913 2586 970 2643 δε
992 2585 1214 2658 ἀμφοῖν.
1254 2595 1432 2646 καίτοι
1451 2588 1598 2645 οὕτω
1618 2612 1679 2660 γε
1699 2586 1770 2644 ἀν

23 2660 326 2737 ι”ἷόναργῶς
352 2663 485 2738 ἡμῖν
514 2673 667 2741 φανῇ
696 2675 827 2737 νῦν,
867 2666 1208 2740 ἀπήλλακται
1236 2671 1339 2768 μὲν
1368 2669 1542 2747 ἡδονὴ
1562 2678 1664 2727 τοῦ
1683 2693 1770 2726 vv·
1796 2683 1829 2726 c

13 2779 54 2885 Υ
81 2753 216 2821 κᾷν·
255 2746 317 2805 τό
351 2747 461 2820 γὰρ
502 2748 724 2820 ἀγαθὸν
752 2748 855 2806 οὐκ
886 2746 959 2806 ἀν
985 2755 1062 2807 ἔτι
1090 2750 1295 2810 ταύτὸν
1326 2751 1470 2828 αὐτῇ
1499 2759 1768 2826 γίγνοιτο·

41 2824 120 2897 ’ἦ
148 2850 290 2897 nme}
