2028 3198
0 0 59 111 ’ἶ
78 0 160 26 ’ὲ“’“
184 36 191 45 .
247 0 269 10 ““

58 126 118 173 65
369 117 916 168 ΑΛΚΙΒΙΑΔΗΣ
945 118 1390 168 ΔΕΥΤΕΡΟΣ.
1633 113 1738 168 335

57 250 357 324 ἆγνοήσαις
372 273 430 308 τε
449 253 541 307 καὶ
559 255 807 322 οἰηθείης
825 247 898 305 ἄν
919 250 1089 307 ἄλλον
1106 248 1251 306 εἷναί
1265 272 1415 323 τινα,
1453 247 1547 325 ἆρ’
1569 257 1646 311 ἔτι
1666 243 1739 308 ἂν
1770 267 1804 308 Β

58 331 232 390 αὐτον
249 333 546 405 τολμήσαις
561 329 906 399 ἀποκτεῖναι;

197 421 317 471 ΑΔ.
373 412 460 470 Οὐ
476 412 551 485 μὰ
570 413 670 469 τὸν
688 418 815 468 Δία.

197 501 321 553 2252..
378 493 466 552 Οὐ
483 493 590 566 γὰρ
611 495 792 567 δήπου
806 492 907 551 τὸν
920 493 1236 567 ἐντυχόντα,
1260 493 1384 552 ἄλλ’
1405 493 1570 552 αὑτὸν
1596 497 1738 553 ἐκεῖ-

17 598 24 606 *
55 599 159 635 νον
177 574 282 649 [ὃν]
302 575 566 650 ἠβούλου.
586 571 624 648 ἦ
642 577 778 649 γάρς

194 666 314 718 AA.
364 667 493 717 Ναί.

198 748 322 799 ΣΩ.
398 741 628 799 Οὐκοῦν
665 743 757 798 καὶ
805 746 855 797 εἰ
899 739 1160 805 πολλάκις
1194 742 1456 812 ἐγχειροῖς
1470 783 1484 812 ,
1538 743 1640 797 αιέὶ
1678 743 1738 797 δὲ

55 821 278 896 ἆγνοοῖς
294 823 394 879 τὸν
413 825 688 894 Περικλέα
701 865 715 893 ,
738 819 902 878 ὁπότε
918 822 1134 892 μέλλοις
1152 828 1315 877 τοῦτο
1336 822 1612 893 πράττειν,
1634 821 1737 877 οὔ·

52 926 186 962 ποτε
203 902 276 961 α”ν
294 908 510 961 ἐπίθοιο
529 904 693 977 αὐτῷ.

194 994 312 1044 ΑΛ.
373 986 460 1043 Οὐ
486 991 638 1059 δῆτα.

196 1074 320 1126 ΣΩ.
382 1075 454 1125 Τί
478 1071 542 1125 δέ
549 1093 564 1137 ;
601 1068 701 1125 τὸν
724 1066 982 1139 Ὀρέστην
1012 1071 1189 1133 δοκεῖς
1216 1066 1291 1123 ἅν
1319 1088 1449 1125 ποτε
1478 1074 1546 1142 τῇ
1573 1071 1735 1141 μητρὶ

54 1155 375 1222 ἐπιθέσθαι,
396 1160 449 1208 εἰ
460 1174 522 1222 γε
545 1149 806 1216 ὡσαύτως
827 1149 1133 1223 ἠγνόησενς

200 1239 313 1290 ΑΛ.
373 1231 494 1290 Οὐκ
516 1232 664 1304 οἶμαι
684 1239 869 1304 ἔγωγε.
1764 1250 1795 1290 G

195 1322 319 1372 ΣΩ.
377 1314 464 1371 Οὐ
481 1315 588 1386 γὰρ
609 1316 790 1387 δήπου
811 1314 936 1372 οὐδ’
967 1318 1173 1381 ἐκεῖνος
1190 1314 1294 1387 τὴν
1312 1323 1736 1388 προστυχοῦσαν

52 1412 290 1471 γυναῖκα
321 1395 452 1454 οὐδὲ
479 1396 583 1468 τὴν
613 1396 855 1453 ὁτουοῦν
882 1399 1084 1469 μητέρα
1115 1402 1376 1454 διενοεῖτο
1399 1397 1734 1471 ἀποκτεῖναι,

53 1479 191 1538 ἀλλὰ
212 1480 314 1552 τὴν
332 1477 500 1544 αὐτὸς
518 1477 709 1535 αὑτοῦ.

195 1569 312 1619 ΑΛ.
357 1562 502 1617 Ἔστι
519 1568 705 1617 ταῦτα.

194 1650 316 1701 ΣΩ.
372 1643 614 1714 Ἀγνοεῖν
643 1643 750 1711 ἄρα
780 1643 846 1698 τά
878 1664 938 1712 γε
966 1650 1191 1700 τοιαῦτα
1219 1646 1438 1716 βέλτιον
1459 1658 1569 1712 τοῖς
1589 1646 1735 1703 οὕτω

53 1728 414 1798 διακειμένοις
432 1727 522 1781 καὶ
542 1725 795 1790 τοιαύτας
817 1725 976 1790 δόξας
994 1729 1228 1796 ἔχουσιν.

191 1814 308 1865 ΑΛ.
363 1814 637 1865 Φαίνεται.

192 1897 319 1949 ΣΩ.
371 1889 532 1964 Ὁρᾷς
562 1884 695 1960 οὖν,
724 1889 807 1946 ὅτι
836 1888 870 1962 ἡ
904 1894 1052 1946 ἔστιν
1082 1883 1160 1946 ὧν
1179 1911 1236 1946 τε
1258 1888 1457 1962 ἄγνοια
1475 1893 1566 1948 καὶ
1587 1896 1735 1948 ἔστιν

49 1970 132 2040 οἷς
148 1975 240 2031 καὶ
261 1979 450 2044 ἔχουσί
465 1993 580 2038 πως
604 1971 852 2044 ἀγαθόν,
890 1969 1012 2028 ἀλλ’
1046 1970 1116 2028 οὐ
1147 1973 1352 2044 κακόν,
1393 1973 1576 2043 ὥσπερ
1608 1972 1730 2043 ἄρτι

55 2073 138 2112 σοι
162 2056 367 2123 ἐδόκεις

192 2142 309 2193 ΛΑ.
350 2136 582 2192 Ἔοικεν.

14 2283 15 2286 ¹
194 2223 322 2276 vlu.
393 2222 518 2274 ΣΩ.
575 2217 689 2273 Ἔτι
736 2223 927 2275 τοίνυν
969 2222 1018 2274 εἰ
1057 2217 1247 2289 βούλει
1294 2217 1355 2273 τὸ
1394 2217 1528 2290 μετὰ
1565 2224 1729 2276 τοῦτο
1760 2231 1795 2273 1)

50 2303 395 2370 ἐπισκοπεῖν,
417 2298 624 2356 ἄτοπον
643 2296 713 2355 ἄν
733 2308 864 2365 ἴσως
883 2318 971 2356 σοι
991 2299 1199 2366 δόξειεν
1219 2298 1372 2356 εἶναι.

194 2388 308 2439 ΑΛ.
366 2387 436 2438 Τί
449 2382 712 2453 μάλιστα,
735 2403 777 2437 ω
801 2381 1122 2450 Σώκρατες;

26 2456 41 2519 ,³
190 2470 300 2521 ΣΩ
359 2462 492 2534 Οτι,
515 2461 587 2528 ὡς
607 2468 735 2529 ἔπος
763 2470 961 2533 εἰπεῖν,
1005 2464 1320 2521 κινδυνεύει
1340 2464 1401 2521 τό
1421 2486 1482 2536 γε
1501 2486 1614 2521 των
1633 2463 1732 2521 ἄλ-

18 2554 167 2617 ,λων
187 2547 502 2646 &Mammam
521 2551 717 2618 κτῆμα,
738 2546 836 2602 ἐάν
856 2568 935 2611 τις
955 2567 1094 2601 ανευ
1112 2552 1219 2603 τοῦ
1231 2551 1518 2619 βελτίστου
1537 2568 1731 2618 κεκτη-

18 2652 28 2688 ι
28 2622 264 2707 ἕμένος
229 2652 290 2702 ῃ,
321 2626 564 2699 ὀλιγακις
584 2649 687 2699 μεν
708 2626 969 2698 ωφελεῑν,
999 2628 1263 2700 βλάπτειν
1284 2628 1340 2685 δὲ
1360 2651 1425 2684 τα
1447 2634 1614 2685 πλείω
1634 2629 1733 2685 τὸν

0 2721 1 2726 ’
20 2716 242 2784 1ἔχοντα
260 2710 410 2768 αὐτό.
444 2710 639 2766 σκόπει
659 2710 714 2766 δὲ
738 2703 860 2766 ὦδε.
893 2704 987 2778 ἆρ’
1017 2708 1120 2766 οὐκ
1149 2709 1453 2781 αναγκαῑόν
1475 2727 1561 2766 σοι
1582 2714 1737 2768 δοκεῖ

52 2790 134 2849 εἶι
123 2814 218 2866 αι,
237 2791 373 2850 ὅταν
391 2815 440 2849 τι
460 2790 802 2865 μέλλωμεν”
765 2814 886 2865 ητοι
908 2792 1166 2862 πράττειν
1185 2816 1216 2864 η
1197 2789 1447 2865 ”λέγειν,
1470 2797 1730 2865 οἰηθῆναι
