2028 3198
214 135 316 187 158
825 137 1298 186 ΠΛΑΤῼΝΟΣ
1831 151 1893 195 20

213 270 381 340 μεστή
411 272 558 323 ἐστιν
592 267 920 339 ἀμφοτέρων
958 267 1198 338 τούτων,
1240 273 1331 327 καὶ
1364 274 1589 328 ἐπειδὰν
1628 276 1729 345 μὲν
1757 274 1899 347 πρὸς

216 349 421 419 ἄλληλα
456 355 558 404 τοῦ
595 355 828 420 κοσμίου
858 349 993 420 τύχῃ
1025 354 1223 420 ἔρωτος
1253 349 1288 407 ὁὶ
1320 359 1429 408 νῦν
1459 353 1525 425 δὴ
1557 355 1662 426 ἐγώ
1683 361 1891 428 ἔλεγον,

217 432 282 485 τά
312 452 368 485 τε
398 430 580 501 θερμὰ
614 432 703 486 καὶ
732 430 798 485 τὰ
828 432 1009 501 ψυχρὰ
1039 435 1128 487 καὶ
1157 434 1291 504 ξηρὰ
1315 437 1402 491 καὶ
1423 434 1587 507 ὑγρά,
1609 438 1699 493 καὶ
1717 435 1895 509 ἁρμο-

217 518 340 566 νίαν
372 513 463 567 καὶ
493 519 695 583 κρᾶσιν
719 512 863 584 λα’βῃ
883 513 1174 582 σώφρονα,
1205 514 1327 586 ἥκει
1348 519 1588 589 φέροντα
1609 517 1893 590 εὐετηρίαν

216 617 271 650 τε
308 596 398 650 καὶ
435 592 649 664 ὑγίειαν
686 593 1008 664 ἀνθρώποις
1044 597 1133 650 καὶ
1171 608 1282 661 τοῖς
1320 595 1506 663 ἄλλοις
1534 601 1689 666 ζώοις
1717 624 1772 657 τε
1803 607 1893 659 καὶ

218 688 435 746 φυτοῖς,
474 677 562 731 καὶ
586 674 751 731 οὐδὲν
779 673 1064 747 ἠδίκησεν·
1105 674 1239 732 ὅταν
1269 677 1326 734 δὲ
1358 675 1386 733 ὁ
1417 680 1548 749 μετὰ
1568 688 1662 752 τῆς
1681 681 1896 754 ὕβρεως

199 759 416 828 Ἐρως’
390 761 808 830 εγκρατέστερος
827 760 950 830 περὶ
969 756 1064 823 τὰς
1087 765 1186 814 τοῦ
1206 761 1465 816 ἐνιαυτοῦ
1484 761 1628 832 ω’ρας
1655 767 1892 836 γένηται.
1994 791 2023 825 5

148 857 180 898 B
215 845 525 912 διαφθείρει
546 862 600 895 τε
618 838 793 896 πολλοὶ
811 863 897 895 και.
883 837 1186 911 ἠδίκησεν.
1211 845 1266 896 οἳ
1281 864 1336 897 τε
1353 865 1459 912 γαρ
1476 846 1654 915 λοιμοὶ
1672 853 1892 915 φιλοῦσι
1984 834 1997 839 ⁴
2015 874 2028 888 π

143 929 505 999 ,Λ)ίγνεσθαι
522 924 581 977 ἐκ
597 944 709 977 των
726 922 993 977 τοιούτων
1013 923 1100 977 καὶ
1121 920 1232 977 ἄλλ’
1259 945 1332 977 αυ
1352 923 1512 994 ὅμοια
1530 926 1705 982 πολλὰ
1726 926 1922 1000 νοσηό
1926 938 1954 1010 '
2014 926 2018 933 ’

120 997 357 1074 ’ζ’*ὓματα
386 1006 476 1059 και
505 1017 617 1069 τοῖς
645 1009 860 1075 θηρίοις
892 1005 980 1060 καὶ
1010 1016 1120 1068 τοῖς
1163 1017 1380 1075 φυτοῖς·
1420 1010 1511 1063 καὶ
1546 1008 1653 1080 γαρ
1696 1009 1893 1080 πάχναι

216 1087 306 1141 καὶ
323 1085 548 1156 χάλαζαι
568 1088 656 1140 και
679 1088 925 1157 ε’ρυσῖβαι
956 1088 1013 1141 ἐκ
1046 1092 1357 1153 πλεονεξίας
1377 1090 1466 1143 καὶ
1489 1087 1752 1161 ἀκοσμίας
1771 1094 1891 1161 περὶ

215 1168 423 1238 ἄλληλα
454 1175 566 1223 τῶν
603 1166 873 1222 τοιούτων
909 1171 1150 1236 γίγνεται
1178 1170 1481 1239 ἐρωτικῶν,
1522 1163 1602 1225 οἷν
1632 1172 1893 1242 ἐπιστήμη

215 1250 340 1320 περὶ
377 1249 596 1320 ἄστρων
636 1270 691 1304 τε
732 1245 908 1318 φορὰς
944 1249 1035 1303 καὶ
1071 1251 1340 1304 ἐνιαυτῶν
1378 1248 1522 1319 ὥρας
1558 1249 1894 1323 ἀστρονομία

190 1337 470 1386 καλεῖται.
513 1334 589 1386 ἔτι
621 1335 814 1385 τοίνυν
851 1331 941 1386 καὶ
979 1336 1173 1386 θυσίαι
1210 1338 1378 1387 πᾶσαι
1416 1334 1505 1388 καὶ
1544 1328 1624 1398 οἷς
1662 1332 1889 1404 μαντικὴ

154 1427 185 1468 C
216 1415 489 1467 ἐπιστατεῖ
512 1446 580 1453 -
608 1419 779 1467 ταῦτα
811 1409 863 1466 δ’
896 1410 1097 1483 ἐστὶνὴ
1130 1414 1250 1481 περὶ
1281 1415 1453 1479 θεούς
1480 1437 1536 1470 τε
1557 1416 1646 1471 καὶ
1666 1413 1890 1484 ἀνθρώ-

220 1515 356 1558 πους
386 1492 523 1564 πρὸς
551 1491 827 1565 ἀλλήλους
855 1502 1116 1551 κοινωνία
1140 1530 1200 1536 -
1224 1492 1291 1550 οὐ
1320 1496 1444 1565 περὶ
1473 1494 1603 1551 ἄλλο
1625 1501 1680 1551 τί
1694 1490 1893 1565 ἐστινῆ

218 1576 335 1645 περὶ
362 1574 602 1646 ’Ἑρωτος
632 1577 891 1649 φυλακήν
921 1598 977 1632 τε
1008 1580 1096 1633 καὶ
1126 1586 1287 1633 ἰάσιν.
1328 1583 1476 1631 πᾶσα
1495 1576 1601 1648 γὰρ
1621 1575 1653 1648 ἡ
1674 1575 1891 1649 ἀσέβεια

219 1663 371 1725 φιλεῖ
384 1664 701 1728 γίγνεσθαι,
745 1659 841 1714 ἐὰν
861 1659 933 1731 μή
953 1682 1032 1724 τις
1060 1667 1137 1734 τῷ
1165 1663 1372 1733 κοσμίῳ
1400 1657 1593 1727 Ἔρωτι
1620 1663 1890 1730 χαρίζηται

217 1739 351 1809 μηδὲ
383 1747 513 1813 τιμᾷ
538 1762 593 1795 τε
628 1738 801 1796 αὐτὸν
825 1743 913 1796 καὶ
945 1741 1222 1813 πρεσβεύῃ
1253 1743 1313 1796 έν
1351 1741 1512 1796 παντὶ
1550 1745 1715 1814 ἔργῳ,
1757 1737 1893 1794 ἀλλὰ

219 1821 377 1889 [περὶ]
399 1820 497 1875 τὸν
519 1823 723 1892 ἕτερον,
745 1823 835 1877 καὶ
856 1823 979 1891 περὶ
999 1825 1191 1892 γονέας
1211 1826 1300 1877 καὶ
1322 1828 1524 1889 ζῶντας
1540 1824 1629 1878 καὶ
1649 1827 1894 1877 τετελευ-

217 1901 449 1972 τηκότας
479 1905 568 1957 καὶ
600 1905 723 1972 περὶ
752 1905 946 1967 θεούς·
987 1901 1020 1958 ἃ
1052 1903 1118 1974 δὴ
1150 1907 1542 1974 προστέτακται
1571 1910 1639 1974 τῇ
1660 1909 1895 1975 μαντικῇ

219 1987 533 2040 ἐπισκοπεῖν
564 1983 985 2055 [τούςἝρωτας]
1016 1985 1105 2040 καὶ
1132 1985 1431 2055 ἰατρεύειν,
1470 1985 1561 2039 καὶ
1590 1988 1737 2038 ἔστιν
1766 1978 1890 2053 αὗὴ

154 2086 188 2128 D
220 2064 452 2137 μαντικὴ
483 2071 665 2136 φιλίας
695 2072 848 2122 θεῶν
878 2068 966 2122 καὶ
987 2065 1308 2135 ἀνθρώπων
1329 2065 1661 2138 δημιουργὸς
1679 2071 1756 2137 τῷ
1775 2067 1892 2120 ἐπί-

217 2155 454 2203 στασθαι
483 2148 549 2203 τὰ
579 2146 716 2203 κατά
758 2146 1096 2218 ἀνθρώπους
1133 2148 1391 2219 ἐρωτικά,
1433 2147 1536 2203 ὅσα
1566 2151 1728 2202 τείνει
1758 2144 1893 2214 πρὸς

217 2232 381 2299 θέμιν
400 2231 488 2285 καὶ
508 2227 779 2301 ἀσέβειαν.
822 2229 967 2285 οὕτω
987 2230 1196 2301 πολλὴν
1216 2231 1304 2286 καὶ
1323 2229 1584 2301 μεγάλην,
1606 2233 1814 2299 μᾶλλον
1835 2229 1893 2282 δὲ

217 2318 402 2365 πᾶσαν
423 2311 664 2381 δύναμιν
683 2316 787 2382 ἔχει
807 2312 1118 2383 ξυλλήβδην
1136 2312 1238 2382 μὲν
1258 2309 1286 2367 ὁ
1310 2308 1597 2381 πᾶς”Ερως
1611 2306 1674 2378 ,ὁ
1693 2309 1751 2365 δὲ
1771 2309 1888 2376 περὶ

216 2391 434 2461 τάγαθὰ
464 2390 597 2463 μετὰ
629 2393 998 2464 σωφροσύνης
1028 2396 1118 2449 καὶ
1149 2391 1502 2463 δικαιοσύνης
1522 2388 1892 2461 ἀποτελούμε-

217 2495 312 2538 νος
341 2474 431 2528 καὶ
470 2471 599 2543 παρ’
635 2471 766 2544 ἡμῖν
796 2476 886 2530 καὶ
915 2473 1062 2545 παρὰ
1093 2483 1273 2545 θεοῖς,
1312 2467 1476 2539 οὗτος
1503 2472 1606 2544 τὴν
1635 2476 1891 2543 μεγίστην

219 2555 459 2626 δύναμιν
486 2559 593 2624 ἔχει
621 2557 712 2610 καὶ
744 2563 925 2611 πᾶσαν
952 2555 1084 2628 ἡμῖν
1114 2555 1473 2627 εὐδαιμονίαν
1494 2550 1890 2624 παρασκευάζει

217 2637 306 2693 καὶ
325 2634 578 2708 ἀλλήλοις
599 2639 942 2706 δυναμένους
964 2636 1172 2708 ὁμιλεῖν
1188 2640 1279 2693 καὶ
1300 2642 1496 2707 φίλους
1515 2633 1650 2690 εἶναι
1672 2632 1760 2688 καὶ
1778 2642 1890 2695 τοῖς

157 2731 187 2772 E
220 2722 521 2788 κρείττοσιν
547 2714 706 2788 ἡμῶν
733 2725 900 2781 θεοῖς.
940 2726 1070 2783 ἴσως
1090 2719 1191 2789 μὲν
1210 2712 1314 2774 οὖν
1333 2720 1422 2774 καὶ
1441 2715 1547 2787 ἐγώ
1568 2713 1666 2770 τὸν
1676 2713 1888 2782 ’Ἑρωτα

215 2802 456 2854 ἐπαινῶν
476 2795 650 2854 πολλοὶ
671 2804 1016 2869 παραλείπω,
1049 2798 1118 2854 οὐ
1141 2802 1327 2870 μέντοι
1348 2799 1491 2855 ἑκών
1512 2817 1588 2868 γε.
1625 2792 1744 2851 ἀλλ’
1773 2802 1826 2850 εἶ’
1838 2817 1885 2850 τι
