2028 3198
257 119 363 171 238
864 113 1339 160 ΠΛΑΤΩΝΟΣ
1851 119 1930 163 100

191 267 224 308 Β
254 257 531 320 μακάριον
547 247 651 318 μὲν
670 249 760 300 καὶ
787 243 1154 316 ὁμονοητικόν
1183 244 1282 301 τόν
1311 240 1519 300 ἐνθάδε
1548 250 1675 316 βίον
1703 243 1930 315 διάγου-

254 350 369 402 σιν,
408 333 684 399 ἐγκρατεῖς
714 324 902 382 αὑτῶν
919 330 1010 382 καὶ
1038 328 1258 399 κόσμιοι
1286 327 1468 396 ὄντες,
1509 327 1926 398 δουλωσάμενοι

252 415 353 485 μὲν
373 404 418 483 95
433 417 601 467 κακία
620 416 798 480 ψυχῆς
817 412 1139 481 ἐνεγίγνετο,
1159 411 1637 483 ἐλευθερώσαντες
1656 412 1714 466 δὲ
1735 405 1783 484 ᾦ
1801 409 1928 481 ἀρε-

251 495 317 566 τή
333 517 343 526 ·
381 492 802 563 τελευτήσαντες
834 491 894 547 δὲ
925 488 991 561 δὴ
1022 488 1324 562 ὑπόπτεροι
1343 494 1433 549 καὶ
1452 495 1681 564 ἐλαφροὶ
1697 494 1925 563 γεγονό-

254 598 342 642 τες
360 583 472 632 τῶν
485 582 657 643 τριῶν
679 571 1072 643 παλαισμάτων
1089 581 1202 629 τῶν
1218 573 1290 639 ῶς
1308 572 1530 645 ἀληθῶς
1545 573 1928 646 Ὀλυμπιακῶν

257 663 321 715 ἓν
348 657 702 730 νενικήκασιν
719 699 732 724 ,
774 649 846 710 οὗ
873 659 1057 725 μεῖζον
1077 653 1297 725 ἀγαθὸν
1316 655 1444 710 οὔτε
1467 656 1806 726 σωφροσύνη
1827 655 1930 711 ἀν-

255 747 514 812 θρωπίνη
537 740 667 796 οὔτε
685 744 815 795 θεία
832 742 1000 808 μανία
1022 735 1228 808 δυνατὴ
1252 743 1476 807 πορίσαι
1495 735 1792 811 ἀνθρώπῳ.
1833 737 1930 793 ἐὰν

192 842 225 884 c
256 824 315 880 δὲ
335 822 401 894 δὴ
423 827 599 896 διαίτῃ
619 823 993 893 φορτικωτέρᾳ
1012 841 1069 873 τε
1090 820 1179 874 καὶ
1199 817 1555 893 ἀφιλοσόφςο,
1583 826 1849 892 φιλοτίμῳ
1871 821 1931 875 δὲ

255 905 566 976 χρήσωνται
579 947 592 973 ,
614 902 734 974 τάχ’
755 901 828 958 ἄν
848 923 958 957 που
978 905 1039 957 ἐν
1057 904 1253 972 μέθαις
1270 901 1308 973 ἤ
1327 924 1434 957 τινι
1453 901 1591 975 ἄλλῃ
1610 900 1835 975 ἀμελείᾳ
1854 901 1930 956 τῶ

256 986 543 1043 ἀκολάστω
576 983 767 1040 αὐτοῖν
797 981 1073 1053 ὑποζυγίω
1105 985 1337 1056 λαβόντε
1364 983 1459 1048 τὰς
1502 982 1679 1054 ψυχάς
1714 981 1930 1053 ἀφρού-

257 1091 417 1138 ρους,
455 1066 828 1136 ξυναγαγόντε
848 1070 924 1130 εἰς
942 1064 1146 1121 ταύτόν
1159 1110 1173 1136 ,
1207 1065 1307 1136 τὴν
1326 1065 1433 1122 ὑπὸ
1456 1073 1568 1120 τῶν
1586 1072 1807 1121 πολλῶν
1825 1089 1930 1136 μα-

256 1149 521 1221 καριστὴν
559 1153 771 1217 αἳρεσιν
807 1151 1015 1219 εἷλέτην
1053 1171 1110 1203 τε
1149 1150 1238 1204 καὶ
1270 1149 1627 1216 διεπράξαντο
1643 1170 1654 1180 ·
1690 1150 1779 1203 καὶ
1811 1152 1930 1202 δια-

256 1235 584 1306 πραξαμένω
603 1232 664 1287 τό
688 1230 882 1287 λοιπὸν
899 1230 1005 1302 ἤδη
1024 1236 1264 1301 χρῶνται
1283 1230 1383 1300 μὲν
1414 1228 1579 1302 αὐτῇ,
1621 1236 1822 1302 σπανία
1854 1233 1930 1297 δέ,

258 1317 352 1372 ἅτε
371 1315 440 1371 οὐ
458 1315 604 1388 πάσῃ
628 1316 929 1385 δεδογμένα
947 1320 1015 1386 τῇ
1035 1317 1250 1385 διανοίᾳ
1270 1312 1614 1382 πράττοντες.
1671 1318 1812 1383 φίλω
1832 1312 1931 1383 μὲν

258 1393 471 1454 οὖνκαὶ
501 1398 707 1466 τούτω,
749 1391 918 1468 ἦττον
949 1397 1007 1452 δὲ
1037 1398 1290 1466 ἐκείνων,
1327 1393 1590 1466 ἀλλήλοιν
1624 1394 1713 1450 διά
1742 1417 1799 1450 τε
1829 1401 1930 1450 τοῦ

191 1496 227 1536 D
260 1485 459 1549 ἔρωτος
487 1482 578 1536 καὶ
608 1485 708 1546 ἔξω
727 1482 1007 1551 γενομένω
1027 1479 1307 1549 διάγουσι,
1344 1484 1547 1542 πίστεις
1563 1474 1659 1541 τάς
1676 1481 1930 1548 μεγίστας

256 1561 546 1633 ἡγουμένω
578 1560 839 1633 ἀλλήλοιν
879 1563 1176 1617 δεδωκέναι
1213 1582 1270 1615 τε
1321 1561 1411 1615 καὶ
1446 1562 1727 1630 δεδέχθαι,
1765 1555 1827 1622 ἃς
1863 1557 1931 1613 οὐ

257 1643 490 1716 θεμιτὸν
519 1642 657 1699 εἶναι
687 1645 959 1710 λύσαντας
983 1651 1057 1709 εἰς
1076 1649 1285 1715 ἔχθραν
1304 1644 1432 1698 ποτὲ
1452 1645 1649 1697 ἐλθεῖν.
1707 1643 1767 1697 ἐν
1787 1641 1845 1695 δὲ
1866 1646 1931 1713 τῇ

257 1733 481 1799 τελευτῇ
513 1726 739 1797 ἄπτεροι
766 1730 893 1798 μέν,
936 1726 1247 1798 ὡρμηκότες
1278 1728 1336 1782 δὲ
1369 1730 1712 1794 πτεροῦσθαι
1746 1726 1932 1795 ἐκβαί-

259 1826 421 1865 νουσι
439 1817 540 1864 τοῦ
559 1810 835 1882 σώματος,
859 1811 997 1866 ῶστε
1016 1808 1083 1866 οὐ
1105 1809 1339 1880 σμικρὸν
1358 1802 1539 1864 ἆθλον
1557 1814 1653 1878 τῆς
1672 1809 1931 1878 ἐρωτικῆς

258 1897 455 1963 μανίας
473 1892 737 1962 φέρονται
751 1912 762 1922 ·
791 1897 865 1955 εἰς
885 1890 991 1961 γὰρ
1013 1892 1214 1946 σκότον
1230 1893 1319 1946 καὶ
1337 1887 1441 1960 τὴν
1458 1888 1566 1944 ὑπὸ
1587 1895 1686 1960 γῆς
1704 1892 1932 1958 πορείαν

259 1972 326 2029 οὐ
351 1974 521 2044 νόμος
540 1975 686 2029 ἐστὶν
703 1978 781 2029 ἔτι
799 1976 987 2030 ἐλθεῖν
1004 1985 1116 2036 τοῖς
1131 1973 1524 2042 κατηργμένοις
1537 1970 1639 2040 ἤδη
1655 1975 1749 2039 τῆς
1763 1971 1930 2025 ἐπου-

260 2062 455 2127 ρανίου
487 2061 733 2126 πορείας,
765 2053 903 2112 ἀλλὰ
925 2053 1110 2126 φανὸν
1129 2060 1254 2126 βίον
1275 2053 1566 2122 διάγοντας
1586 2050 1932 2122 εὐδαιμονεῖν

196 2162 230 2202 E
262 2137 377 2209 μετ’
399 2136 654 2209 ἀλλήλων
674 2140 1110 2210 πορευομένους,
1146 2137 1238 2192 καὶ
1257 2134 1596 2206 ὁμοπτέρους
1616 2138 1814 2203 ἔρωτος
1831 2131 1932 2202 χά-

261 2243 350 2292 ριν
364 2264 377 2290 ,
399 2220 535 2277 ὅταν
555 2224 847 2291 γένωνται,
868 2223 1146 2291 γενέσθαι.

397 2309 672 2361 XXva.
753 2309 937 2359 Ταῦτα
973 2309 1237 2372 τοσαῦτα,
1280 2294 1323 2357 ῶ
1341 2313 1462 2371 παῖ,
1503 2301 1591 2355 καὶ
1626 2307 1752 2354 θεῖα
1786 2295 1934 2352 οὕτω

260 2403 347 2440 σοι
384 2384 687 2455 δωρήσεται
723 2384 755 2456 ἡ
785 2385 917 2455 παρ’
952 2390 1188 2454 ἐραστοῦ
1218 2389 1395 2454 φιλία·
1435 2381 1470 2454 ἡ
1503 2384 1560 2438 δὲ
1590 2379 1696 2436 ἀπὸ
1725 2385 1827 2434 τοῦ
1856 2375 1927 2448 μὴ

257 2470 495 2536 ἐρῶντος
514 2467 805 2538 οἰκειότης,
827 2469 1169 2540 σωφροσύνῃ
1186 2473 1366 2539 θνητῇ
1388 2466 1694 2534 κεκραμένη
1710 2505 1724 2533 ,
1748 2459 1929 2530 θνητά

257 2571 315 2605 τε
333 2551 424 2604 καὶ
445 2548 687 2618 φειδωλὰ
714 2556 1111 2622 οἰκονομοῦσα,
1134 2549 1532 2617 ἀνελευθερίαν
1551 2544 1658 2602 ὑπὸ
1679 2543 1931 2613 πλήθους

257 2633 659 2701 ἐπαινουμένην
691 2654 761 2695 ως
787 2630 990 2703 ἀρετὴν
1009 2639 1074 2706 τῇ
1095 2639 1228 2704 φίλῃ
1246 2638 1393 2704 ψυχῇ
1413 2634 1735 2695 ἐντεκοῦσα,
1771 2626 1930 2680 ἐννέα

143 2743 227 2789 257
255 2715 545 2816 χιλιάδας’
518 2721 657 2770 ετῶν
677 2716 800 2783 περὶ
818 2721 925 2785 γῆν
943 2715 1384 2784 κυλινδουμένην
1403 2710 1576 2781 αὐτὴν
1594 2711 1683 2764 καὶ
1701 2706 1809 2761 υπὸ
1831 2712 1930 2776 γῆς

259 2796 436 2852 άνουν
466 2801 697 2867 παρέξει
754 2795 893 2867 αὕτη
926 2815 1039 2868 σοι,
1082 2801 1123 2851 ῶ
1163 2804 1286 2867 φίλε
1306 2796 1508 2864 ’Ἑρως,
1552 2796 1625 2855 εἰς
1659 2788 1927 2860 ημετέραν

2012 2892 2028 3043 2

2000 3045 2028 3198 3
