2028 3198
213 146 282 198 56
819 149 1290 197 ΠΛΑΤΩΝΟΣ

212 277 386 335 πολλὰ
405 278 735 350 θαυμαστὸν
771 283 993 350 λεχθέν,
1033 282 1126 336 καὶ
1155 281 1350 354 ράδιον
1378 279 1787 354 ἀμφισβητῆσαι
1813 290 1890 357 τῷ

211 361 427 415 τούτων
454 358 828 459 ὁποτερονοῦν
851 366 1136 435 τιθεμένῳ.

354 445 518 495 ΠΡΩ.
564 434 669 509 Αρ’
695 445 801 496 οὐν
819 445 1016 512 λέγεις,
1049 441 1184 498 ὅταν
1206 466 1285 508 τις
1303 445 1395 514 ἐμὲ
1415 452 1520 516 φῇ,
1550 443 1890 515 Πρώταρχον

148 535 183 576 D
215 525 311 578 ἕνα
347 523 614 592 γεγονότα
640 522 840 620 φύσει,
880 523 1121 589 πολλοὺς
1151 524 1290 580 εἶναι
1321 526 1490 582 πάλιν
1518 525 1648 592 τοῦς
1679 529 1770 598 ἐμὲ
1799 531 1889 583 καὶ

213 607 496 668 ἐναντίους
516 602 795 675 ἀλλήλοις,
816 605 990 676 μέγαν
1009 607 1100 661 καὶ
1121 607 1356 678 σμικρὸν
1373 609 1658 678 τιθέμενος
1676 611 1766 663 καὶ
1785 615 1890 679 βα·-

215 707 322 756 ρυν
340 687 430 741 καὶ
450 691 671 756 κοῦφον
689 684 788 741 τὸν
808 684 981 741 αύτὸν
999 688 1089 742 καὶ
1108 685 1247 742 άλλα
1264 694 1459 758 μυρία·
1446 729 1460 754 ,

355 773 480 822 ΣΩ.
517 766 607 822 Σὺ
625 769 754 837 μέν,
777 760 822 821 03
838 766 1136 838 Πρώταρχε
1151 810 1165 837 ,
1189 777 1408 839 εἴρηκας
1426 767 1491 824 τοὶ
1514 773 1889 841 δεδημευμένα

214 855 325 905 τῶν
342 855 688 919 θαυμαστῶν
708 850 831 918 περὶ
850 848 910 903 τὸ
933 851 993 903 ἓν
1012 851 1103 904 καὶ
1123 851 1326 918 πολλά,
1350 855 1807 922 συγκεχωρημένα
1830 853 1889 905 δὲ

214 928 287 996 ὡς
315 935 443 995 ἔπος
478 935 648 985 εἰπεῖν
683 927 792 984 ὑπὸ
831 929 1056 985 πάντων
1084 929 1188 1002 ἤδη
1218 931 1289 1003 μὴ
1323 936 1439 987 δεῖν
1474 939 1587 987 τῶν
1620 933 1889 988 τοιούτων

212 1010 512 1083 ἅπτεσθαι,
546 1011 884 1083 παιδαριώδη
914 1013 1003 1066 καὶ
1023 1012 1185 1085 ράδια
1215 1016 1305 1068 καὶ
1326 1014 1545 1083 σφόδρα
1573 1026 1685 1078 τοῖς
1707 1013 1888 1084 λόγοις

212 1093 444 1163 ἐμπόδια
461 1091 971 1165 ὑπολαμβανόντων
985 1101 1302 1164 γίγνεσθαι,
1325 1097 1436 1150 ἐπεὶ
1452 1094 1586 1165 μηδὲ
1603 1092 1668 1149 τὰ
1685 1095 1885 1164 τοιάδε,

152 1192 184 1231 Ε
215 1171 351 1228 ὅταν
366 1196 444 1239 τις
460 1173 694 1230 ἑκάστου
709 1197 775 1229 τα
793 1176 924 1244 μέλη
941 1195 997 1228 τε
1012 1176 1101 1230 καὶ
1117 1174 1254 1230 ἄλλα
1268 1180 1401 1246 μέρη
1420 1174 1615 1231 διελων
1629 1182 1707 1249 τῷ
1722 1175 1887 1246 λόγῳ,

131 1758 179 1800 15

156 2493 187 2534 Β

213 1255 390 1310 πάντα
409 1263 581 1311 ταῦτα
599 1255 660 1311 τὸ
684 1258 791 1311 ἕν’
764 1267 939 1312 εκεῖνο
962 1255 1100 1310 εἶναι
1122 1258 1679 1328 διομολογησάμενος,
1702 1260 1889 1329 ἐλέγχῃ

212 1342 558 1407 καταγελῶν,
592 1336 677 1391 ὅτι
703 1340 899 1406 τέρατα
932 1338 1323 1407 διηνάγκασται
1343 1339 1542 1408 φάναι,
1578 1337 1639 1393 τό
1658 1359 1714 1392 τε
1735 1340 1795 1392 ἓν
1824 1337 1894 1402 ὡς

213 1416 387 1472 πολλά
407 1418 519 1471 ἐστι
541 1420 632 1471 καὶ
652 1418 847 1486 ἄπειρα
862 1460 876 1486 ,
901 1421 990 1472 καὶ
1010 1417 1075 1472 τοὶ
1096 1417 1271 1474 πολλὰ
1295 1417 1366 1483 ὡς
1385 1421 1447 1475 ἓν
1465 1419 1654 1489 μόνον.
1711 1444 1724 1453 ·

351 1503 520 1552 ΠΡῼ.
570 1496 659 1553 Σύ
682 1498 739 1553 δὲ
760 1497 825 1568 δὴ
847 1510 1001 1567 ποῖα,
1035 1493 1078 1553 ὦ
1098 1499 1415 1569 Σώκρατες,
1451 1501 1606 1568 ἕτερα
1626 1501 1822 1569 λέγεις,
1853 1495 1887 1551 ὁὶ

212 1579 373 1651 μήπω
403 1584 861 1652 συγκεχωρημένα
882 1580 1207 1652 δεδήμευται
1232 1583 1355 1650 περὶ
1380 1579 1478 1636 τὸν
1497 1579 1667 1636 αὐτὸν
1686 1586 1886 1635 τοῦτον

213 1663 411 1732 λόγον;

357 1749 481 1799 ΣΩ.
533 1742 797 1814 Ὁπόταν,
837 1740 880 1800 ὦ
908 1756 1029 1813 παῖ,
1064 1743 1124 1799 τὸ
1148 1748 1208 1799 ἓν
1238 1743 1309 1815 μὴ
1333 1751 1445 1798 τῶν
1462 1746 1806 1814 γιγνομένων
1831 1764 1888 1797 τε

213 1827 304 1879 καὶ
332 1822 731 1895 ἀπολλυμένων
759 1848 838 1890 τις
866 1833 1113 1895 τιθῆται,
1145 1825 1400 1893 καθάπερ
1421 1823 1619 1895 ἀρτίως
1637 1822 1791 1894 ἡμεῖς
1811 1831 1888 1878 εἴ-

213 1926 390 1977 πομεν
403 1950 413 1960 .
435 1908 706 1962 ἐνταυθοῖ
720 1907 821 1977 μὲν
839 1906 943 1976 γὰρ
962 1908 1050 1961 καὶ
1066 1906 1125 1960 τὸ
1142 1912 1397 1960 τοιοῦτον
1411 1906 1489 1975 ἓν,
1511 1903 1647 1972 ὅπερ
1663 1911 1888 1973 εἴπομεν

211 1993 319 2042 νῦν
337 1987 430 2058 δή,
453 1988 861 2060 συγκεχώρηται
875 1986 935 2043 τὸ
957 1987 1028 2058 μὴ
1047 1993 1161 2043 δεῖν
1180 1989 1441 2057 ἐλέγχειν·
1465 1985 1599 2041 ὅταν
1621 1987 1683 2040 δέ
1695 2007 1775 2048 τις
1790 1985 1886 2038 ἕνα

213 2068 519 2139 ἄνθρωπον
548 2073 789 2142 ἐπιχειρῇ
817 2076 1075 2124 τίθεσθαι
1105 2070 1194 2124 καὶ
1222 2074 1364 2140 βοῦν
1386 2069 1483 2123 ἕνα
1511 2068 1600 2122 καὶ
1628 2065 1688 2121 τὸ
1715 2064 1887 2121 καλὸν

216 2153 277 2206 ἓν
305 2153 396 2207 καὶ
423 2150 484 2207 τὸ
519 2150 740 2222 ἀγαθὸν
769 2154 856 2223 ἕν,
901 2153 1024 2222 περὶ
1051 2151 1265 2206 τούτων
1293 2157 1405 2205 τῶν
1436 2150 1648 2205 ἑνάδων
1667 2151 1888 2203 καὶτῶν

214 2234 481 2288 τοιούτων
498 2231 531 2304 ἡ
548 2232 721 2304 πολλὴ
739 2232 971 2304 [σπουδὴ
990 2233 1122 2303 μετὰ
1143 2235 1469 2303 διαιρέσεως]
1488 2231 1888 2303 ἀμφισβήτησις

215 2321 472 2386 γίγνεται.

354 2402 524 2450 ΠΡΩ.
563 2401 717 2460 Πῶςς

357 2481 480 2532 ΣΩ.
520 2482 756 2545 Πρῶτον
770 2478 871 2547 μὲν
890 2486 943 2533 εἴ
952 2501 1103 2542 τινας
1123 2482 1209 2533 δεῖ
1222 2478 1475 2540 τοιαύτας
1494 2474 1632 2531 εἶναι
1647 2475 1888 2547 μονάδας

216 2558 632 2630 ὑπολαμβάνειν
662 2558 886 2628 άληθῶς
911 2558 1104 2624 οὔσας·
1139 2557 1252 2614 εἶτα
1273 2564 1388 2623 πῶς
1408 2553 1480 2612 αὗ
1499 2558 1725 2626 ταύτας,
1757 2560 1887 2625 μίαν

215 2639 450 2710 ἑκάστην
476 2642 654 2693 οὖσαν
683 2637 766 2692 αεὶ
795 2638 895 2708 τὴν
915 2638 1090 2710 αὐτην
1109 2642 1198 2695 καὶ
1216 2640 1349 2710 μήτε
1367 2641 1584 2708 γένεσιν
1604 2636 1738 2706 μήτε
1763 2633 1886 2689 ὄλε-

213 2729 359 2792 θρον
387 2722 856 2792 προσδεχομένην,
901 2719 1048 2790 ὅμως
1072 2721 1210 2776 εἶναι
1239 2721 1564 2792 βεβαιότατα
1591 2722 1721 2787 μίαν
1750 2716 1886 2769 ταύ-

210 2824 336 2872 την·
370 2801 502 2869 μετὰ
521 2802 579 2857 δε
596 2808 727 2857 τοῦτ
733 2798 829 2855 ’ἐν
844 2813 953 2865 τοῖς
968 2805 1311 2871 γιγνομένοις
1327 2805 1398 2855 αὐ
1419 2803 1509 2854 καὶ
1524 2796 1764 2869 ἀπείροις
1779 2803 1883 2851 εἴτε
