2028 3198
0 0 18 41 Ι
73 15 80 22 “
1329 31 1331 33 .

78 106 131 152 13
458 77 467 84 ’
656 99 1188 149 ΣΥΜΠοΣιοΝ.
1663 97 1762 150 151

555 191 588 198 .-

72 235 254 302 κοὶζειύ
272 232 333 291 τὸ
364 240 647 303 τοιοῦτον,
680 231 866 301 ὥσπερ
894 235 985 289 καὶ
1004 238 1119 289 τῶν
1137 234 1454 302 ἐλευθέρων
1472 240 1763 305 γυναικῶν

72 316 598 388 προσαναγκάζομεν
627 312 832 379 αὐτοὺς
860 312 995 371 καθ’
1027 314 1162 370 ὅσον
1193 314 1487 386 δυνάμεθα
1507 314 1580 387 μὴ
1612 320 1762 390 ἐρᾷν.
1802 321 1882 366 182

77 392 229 453 οὗτοι
246 397 353 468 γάρ
374 401 515 453 εἰσιν
533 398 592 452 οἰ
606 396 697 451 καὶ
728 393 788 450 τὸ
811 394 1025 460 ὄνειδος
1047 396 1431 467 πεποιηκότες,
1454 396 1593 453 ὥστε
1611 419 1765 462 τινας

75 485 284 553 τολμᾷν
311 480 492 549 λέγειν
515 475 589 545 ὥς
612 476 844 549 αι’σχρὸν
872 482 1192 549 χαρίζεσθαι
1221 481 1500 549 ἐρασταῖς·
1541 481 1798 550 λέγουσι’·
1924 497 1929 501 ’
1956 468 2028 526 ’ζ

76 561 135 617 δὲ
162 564 236 624 εἰς
264 559 501 625 τούτους
529 557 964 631 ἀποβλέποντες,
1009 556 1246 629 ὁρῶντες
1277 558 1466 616 αὐτῶν
1483 559 1585 632 τὴν
1603 557 1766 616 ἄκαι-

76 649 204 712 ρίαν
225 646 310 698 καὶ
333 640 581 712 ἀδικίαν,
623 642 739 697 ἐπεὶ
759 639 828 696 οὐ
848 641 916 712 δή
938 661 1048 696 που
1066 647 1305 712 κοσμίως
1325 663 1388 711 γε
1408 643 1498 698 καὶ
1518 648 1763 713 νομίμως

75 722 266 780 ὁτιοῦν
293 723 676 794 πραττόμενον
705 722 883 793 ψόγον
913 719 986 778 ἂν
1016 726 1239 788 δικαίως
1259 725 1436 794 φέροι.
1475 725 1566 779 καὶ
1587 725 1652 794 δὴ
1675 725 1762 779 καὶ

75 804 105 861 ὁ
123 806 246 875 περὶ
267 803 366 861 τὸν
394 809 570 876 ἔρωτα
599 805 772 876 νόμος
798 807 858 860 ἐν
887 806 990 876 μὲν
1012 816 1127 870 ταῖς
1146 802 1334 870 ἄλλαις
1352 805 1548 860 πόλεσι
1566 812 1765 877 νοῆσαι

76 887 288 960 ῥᾴδιος·
327 883 511 951 ἆπλως
530 885 637 957 γὰρ
658 884 908 956 ωρισται·
949 882 978 940 ὁ
999 883 1052 940 δ’
1076 885 1282 942 ἐνθαδε
1301 889 1389 942 καὶ
1411 889 1472 942 ἐν
1489 889 1766 943 Λακεδαί-

75 990 205 1039 μονι
234 974 494 1034 ποικίλος.
535 970 598 1023 έν
618 966 802 1023 Ἤλιδι
830 970 931 1039 μὲν
949 988 1054 1038 γαρ
1075 970 1165 1024 καὶ
1186 970 1245 1024 ἐν
1263 975 1550 1040 Βοιωτοῖς,
1583 970 1673 1024 καὶ
1695 961 1766 1023 οὗ
1796 977 1825 1016 Β

41 1108 48 1116 ‚
75 1050 149 1121 μὴ
184 1051 348 1120 σοφοὶ
378 1052 586 1120 λέγειν,
626 1047 811 1115 ἁπλως
828 1052 1261 1122 νενομοθέτηται
1279 1051 1451 1107 καλὸν
1472 1049 1533 1106 τὸ
1554 1055 1764 1122 χαρίζε-

76 1140 212 1188 σθαι
247 1133 524 1203 ἐρασταῖς,
561 1133 653 1188 καὶ
687 1130 791 1188 οὐκ
825 1132 898 1188 οἷν
926 1155 1006 1198 τις
1035 1141 1178 1189 εἴποι
1208 1130 1336 1189 ου’τε
1366 1134 1490 1198 νέος
1509 1130 1638 1188 οὔτε
1657 1153 1766 1188 πα-

77 1212 230 1278 λαιὸς
258 1210 330 1278 ὡς
358 1213 615 1284 αἰσχρόν,
653 1217 774 1283 ἵνα,
811 1213 986 1285 οἶμαι,
1025 1212 1098 1286 μὴ
1130 1212 1411 1286 πράγματ’
1433 1219 1595 1286 ἔχωσι
1613 1214 1763 1288 λόγῳ

78 1294 410 1366 πειρώμενοι
429 1302 650 1351 πείθειν
667 1294 799 1361 τούς
818 1298 1005 1366 νέους,
1029 1295 1123 1352 ἅτε
1143 1295 1408 1353 ἀδύνατοι
1428 1299 1608 1367 λέγειν
1623 1319 1634 1329 ·
1670 1302 1767 1368 τῆς

76 1377 135 1433 δὲ
150 1374 355 1442 Ἰωνίας
383 1379 474 1433 καὶ
494 1376 695 1433 ἄλλοθι
715 1384 995 1448 πολλαχοῦ
1016 1378 1246 1448 αἰσχρὸν
1266 1379 1611 1450 νενόμισται,
1645 1377 1765 1435 ὅσοι

0 1481 6 1499 >
76 1456 185 1515 ὑπὸ
209 1459 509 1531 βαρβάροις
541 1463 772 1515 οἰκοῦσι.
816 1470 929 1524 τοῖς
956 1459 1064 1530 γὰρ
1090 1461 1395 1532 βαρβάροις
1423 1461 1512 1516 διὰ
1540 1459 1639 1525 τὰς
1667 1481 1765 1515 τυ-

75 1544 340 1610 ραννίδας
369 1539 600 1613 αἰσχρὸν
628 1541 795 1597 τοῦτο’
825 1563 882 1597 τε
914 1544 1004 1598 καὶ
1034 1541 1070 1613 ἤ
1098 1564 1160 1613 γε
1181 1547 1483 1612 φιλοσοφία
1502 1544 1592 1599 καὶ
1612 1540 1645 1612 ἡ
1667 1564 1763 1612 φι-
1796 1549 1827 1590 G

76 1627 475 1692 λογυμναστία·
501 1620 569 1678 οὐ
591 1624 699 1694 γάρ
713 1666 727 1692 ,
751 1622 926 1694 οἶμαι,
947 1626 1216 1695 συμφέρει
1237 1635 1349 1689 τοῖς
1368 1622 1599 1695 ἄρχουσι
1619 1644 1764 1695 φρο-

77 1704 292 1774 νήματα
311 1705 520 1774 μεγάλα
551 1707 906 1775 ἐγγίγνεσθαι
923 1712 1039 1762 τῶν
1058 1704 1405 1777 ἀρχομένων,
1428 1704 1558 1763 οὐδὲ
1579 1711 1764 1776 φιλίας

77 1783 304 1855 ἰσχυρὰς
340 1788 431 1842 καὶ
467 1792 787 1856 κοινωνίας,
826 1785 856 1843 ὃ
888 1786 954 1858 δὴ
993 1787 1226 1859 μάλιστα
1263 1797 1418 1859 φιλεῖ
1440 1789 1508 1844 τά
1536 1810 1595 1845 τε
1610 1787 1763 1862 ἄλλα

78 1867 258 1922 πάντα
289 1870 379 1923 καὶ
402 1865 431 1923 6
461 1871 599 1939 ἔρως
628 1871 888 1940 ἐμποιεῖν.
930 1873 1072 1944 ἔργῳ
1104 1870 1162 1927 δὲ
1180 1877 1343 1926 τοῦτο
1367 1875 1584 1941 ἔμαθον
1600 1874 1692 1927 καὶ
1712 1872 1768 1926 οί

75 1948 277 2004 ἐνθάδε
297 1949 590 2018 τύραννοι·
625 1948 653 2006 ὁ
674 1948 782 2021 γάρ
814 1949 1271 2023 Ἀριστογείτονος
1301 1955 1437 2023 ἔρως
1456 1949 1601 2024 καὶὴ
1634 1950 1763 2022 Ἀρ-

75 2032 275 2101 μοδίου
324 2036 495 2101 φιλία·
523 2034 744 2103 βέβαιος
779 2035 1050 2104 γενομένη
1090 2034 1393 2090 κατέλυσεν
1439 2032 1627 2089 αὐτῶν
1663 2031 1767 2104 τὴν

73 2109 264 2183 ἀρχήν.
298 2111 475 2178 οὕτως
505 2106 577 2168 οὗ
595 2113 698 2185 μὲν
727 2112 957 2186 αίσχρόν
977 2117 1140 2187 ἐτέθη
1158 2120 1477 2186 χαρίζεσθαι
1498 2117 1765 2187 ἐρασταῖς,

77 2199 239 2266 κακία
260 2199 373 2250 τῶν
390 2198 649 2267 θεμένων
668 2208 868 2267 κεῖται,
898 2203 1012 2253 τῶν
1029 2197 1131 2268 μὲν
1153 2195 1440 2268 ἀρχόντων
1459 2201 1765 2271 πλεονεξίᾳ,
1800 2207 1832 2247 Ι)

75 2282 187 2331 τῶν
217 2275 274 2332 δὲ
305 2275 628 2348 ἀρχομένων
650 2276 948 2351 ἀνανδρίᾳ·
990 2271 1061 2334 οὖ
1090 2277 1148 2334 δὲ
1177 2277 1354 2334 καλὸν
1372 2275 1560 2345 ἁπλοῖς
1579 2281 1765 2351 ἐνομί-

76 2364 216 2427 σθη,
256 2355 345 2414 διὰ
365 2357 468 2430 τὴν
495 2365 608 2415 τῶν
626 2363 885 2431 θεμένων
910 2367 1004 2431 τῆς
1021 2367 1199 2432 ψυχῆς
1217 2358 1420 2431 ἀργίαν
1434 2382 1446 2394 ·
1482 2361 1686 2418 ἐνθάδε
1707 2363 1763 2418 δὲ

76 2436 222 2493 πολὺ
244 2439 460 2495 τούτων
479 2441 709 2498 κάλλιον
728 2445 1186 2514 νενομοθέτηται,
1219 2444 1309 2499 καὶ
1329 2442 1469 2515 ὅπερ
1490 2442 1674 2515 εἷπον,
1696 2443 1765 2500 οὐ

75 2519 275 2592 ῥᾴδιον
299 2528 651 2594 κατανοῆσαι.

217 2608 278 2658 Χ.
350 2601 760 2676 Ἐνθυμηθέντι
787 2606 895 2677 γὰρ
925 2605 1009 2663 ὅτι
1029 2610 1240 2678 λέγεται
1260 2608 1490 2666 καλλιον
1506 2610 1566 2665 τὸ
1589 2631 1766 2680 φανε-

77 2690 188 2751 ρῶς
205 2688 340 2760 έρᾷν
358 2693 460 2742 τοῦ
491 2686 707 2760 λάθρα,
741 2690 831 2744 καὶ
859 2689 1093 2759 μάλιστα
1112 2711 1226 2746 των
1247 2692 1657 2762 γενναιοτάτων
1677 2692 1767 2747 καὶ

78 2761 347 2839 ἀρίστων,
387 2791 495 2825 καν
512 2773 757 2840 αἰσχίους
785 2768 971 2828 ἄλλων
990 2765 1118 2843 ωσι,
1156 2771 1299 2830 καὶ’
1268 2794 1353 2829 οτι
1372 2766 1447 2828 αὖ
1470 2769 1499 2846 ἡ
1525 2774 1772 2842 παρακέ-
