2028 3198
0 115 111 163 ..⁶9
221 58 226 63 ⁴
713 103 1098 153 ΦΛΙΔΡοΣ.
1227 81 1230 84 ’
1634 101 1740 156 207

54 264 147 314 μοι
165 243 314 297 δοκῶ
336 245 725 308 κατακεῖσθαι,
746 234 818 292 σύ
841 233 891 292 δ’
915 238 977 292 ἐν
994 233 1167 311 ὁποίῳ
1188 234 1420 308 σχήματι
1442 243 1544 294 οἴει
1562 238 1738 312 ῥᾷστα

54 323 509 397 ἀναγνώσεσθαι,
527 317 696 377 τοῦθ’
716 318 975 389 ἑλόμενος
994 316 1390 389 ἀναγίγνωσκε.

195 410 344 461 ΦΑΙ.
387 402 590 458 ’Λκουε
610 398 692 471 δή.

194 492 265 542 VI
351 484 492 554 Περὶ
517 485 619 555 μὲν
637 488 751 537 τῶν
770 484 918 553 ἐμῶν
938 481 1277 553 πραγμάτων
1298 485 1579 539 ἐπίστασαι
1592 526 1606 554 ,
1645 485 1738 541 καὶ

52 566 124 635 ὥς
153 571 355 639 νομίζω
384 568 693 636 συμφέρειν
721 561 856 635 ἡμῖν
884 569 1203 635 γενομένων
1232 566 1449 621 τούτων
1467 564 1734 638 ἀκήκοας·

50 649 184 717 ἀξιῶ
213 651 272 706 δὲ
302 646 375 720 μὴ
406 646 498 704 διὰ
530 653 694 710 τοῦτο
723 645 990 717 ἀτυχῆσαι
1019 640 1100 702 ῶν
1121 650 1339 719 δέομαι,
1377 647 1462 703 ὅτι
1481 646 1584 703 οὐκ
1605 652 1734 719 ε’ρα-
1765 657 1847 704 231

50 730 180 804 στὴς
199 729 279 787 ῶν
298 747 402 786 σου
423 729 692 800 τυγχάνω.
749 726 824 793 ῶς
842 731 1068 793 ἐκείνοις
1085 729 1187 800 μὲν
1205 728 1327 784 τότε
1349 731 1633 800 μεταμέλει
1654 724 1735 786 ῶν

50 810 121 869 ἂν
140 806 207 869 εὖ
225 811 528 884 ποιήσωσιν
540 853 556 882 ,
577 808 803 867 ἐπειδὰν
822 815 917 881 τῆς
935 812 1230 881 ἐπιθυμίας
1250 810 1596 868 παύσωνται·
1623 826 1734 878 τοῖς

51 896 108 951 δὲ
138 891 242 950 ούκ
274 899 386 950 ἔστι
415 893 643 964 χρόνος,
672 894 733 947 ἐν
764 884 811 965 ᾦ
830 897 1178 962 μεταγνῶναι
1198 893 1478 965 προσήκει.
1539 893 1607 950 οὐ
1627 893 1732 965 γὰρ

55 972 149 1030 ὑπ’
169 974 415 1047 ἀνάγκης
433 973 557 1031 ἀλλ’
580 973 822 1044 ἑκόντες,
846 971 919 1039 ῶς
937 969 1008 1029 ἄν
1027 973 1222 1044 ἄριστα
1242 977 1363 1044 περὶ
1383 983 1497 1032 τῶν
1516 981 1734 1032 οἰκείων

51 1058 448 1127 βουλεύσαιντο
461 1099 477 1121 ,
503 1059 642 1127 πρὸς
659 1054 762 1129 τὴν
784 1055 1024 1127 δύναμιν
1042 1054 1144 1127 τὴν
1163 1055 1350 1113 αὐτῶν
1370 1051 1435 1114 εὖ
1458 1065 1730 1115 ποιοῦσιν.

56 1145 132 1195 ἔτι
165 1139 223 1196 δὲ
243 1141 301 1195 οἱ
317 1141 419 1210 μὲν
439 1141 672 1210 ἐρῶντες
691 1146 996 1196 σκοποῦσιν
1016 1138 1053 1195 ἅ
1071 1162 1128 1196 τε
1147 1147 1328 1207 κακῶς
1348 1145 1599 1199 διέθεντο
1619 1149 1733 1199 τῶν

54 1218 242 1276 αὐτῶν
272 1219 362 1276 διὰ
391 1219 492 1277 τὸν
512 1226 688 1291 ἔρωτα
711 1223 800 1277 καὶ
819 1218 853 1276 ἃ
873 1221 1238 1292 πεποιήκασιν
1259 1217 1349 1294 εὖ,
1389 1227 1480 1280 καὶ
1500 1221 1567 1280 ὃν
1586 1223 1733 1296 εἶχον

52 1302 125 1357 πό
131 1323 231 1357 νον
260 1305 651 1372 προστιθέντες
670 1300 938 1373 ἡγοῦνται
957 1303 1125 1358 πάλαι
1143 1302 1248 1374 τὴν
1268 1303 1426 1371 άξιάν
1445 1303 1732 1362 οἷποδεδω-
1763 1311 1795 1352 Β

51 1387 205 1439 κέναι
233 1384 396 1454 χάριν
424 1394 538 1448 τοῖς
566 1386 884 1453 ἐρωμένοις·
917 1395 1029 1448 τοῖς
1060 1384 1117 1440 δὲ
1146 1387 1219 1456 μὴ
1252 1388 1454 1456 ἐρῶσιν
1482 1386 1609 1444 οὔτε
1628 1387 1731 1460 τὴν

46 1472 159 1522 τῶν
176 1471 397 1522 οἰκείων
414 1465 674 1537 ἀμέλειαν
697 1465 785 1522 διὰ
806 1474 969 1523 τοῦτο
990 1474 1102 1523 ἔστι
1123 1475 1579 1543 προφασίζεσθαι,
1602 1470 1731 1527 οὔτε

46 1547 178 1613 τούς
225 1548 683 1619 παρεληλυθότας
720 1549 929 1615 πόνους
966 1546 1391 1622 ὑπολογίζεσθαι
1404 1594 1419 1623 ,
1469 1551 1597 1608 οὔτε
1635 1551 1732 1619 τάς

47 1629 188 1698 πρός
207 1629 336 1695 τούς
354 1631 739 1702 προσήκοντας
758 1630 1028 1701 διαφορὰς
1046 1633 1403 1689 αἰτιάσασθαι
1417 1656 1428 1666 ·
1470 1633 1609 1690 ὥστε
1631 1655 1731 1690 πε-

47 1715 397 1783 ριῃρημένων
424 1713 712 1768 τοσούτων
741 1719 927 1769 κακῶν
957 1712 1139 1770 οὐδὲν
1152 1713 1504 1772 ὑπολείπεται
1534 1714 1659 1772 ἀλλ’
1695 1713 1732 1788 ἦ

46 1805 226 1848 ποιεῖν
243 1794 567 1866 προθύμως,
590 1792 623 1850 ὅ
640 1817 690 1850 τι
710 1789 783 1849 ἄν
802 1795 986 1860 αὐτοῖς
1006 1804 1230 1852 οἴωνται
1250 1797 1555 1867 πράξαντες
1571 1818 1729 1868 χαρι-

47 1884 241 1932 εῖσθαι.
300 1883 377 1934 ἔτι
408 1880 466 1934 δὲ
494 1883 544 1933 εἰ
570 1876 660 1934 διὰ
679 1885 843 1934 τοῦτο
863 1878 1020 1946 ἄξιον
1039 1878 1169 1945 τούς
1188 1884 1428 1950 ἐρῶντας
1449 1882 1572 1954 περὶ
1591 1889 1730 1939 πολ-
1765 1886 1794 1929 C

45 1963 146 2012 λοῦ
176 1967 484 2030 ποιεῖσθαι,
526 1958 612 2016 ὅτι
642 1962 875 2028 τούτους
903 1963 1138 2033 μάλιστά
1168 1980 1304 2035 φασι
1333 1971 1516 2036 φιλεῖν
1548 1958 1629 2021 ῶν
1658 1962 1730 2020 ἂν

44 2041 226 2111 ἐρῶσι,
247 2044 337 2096 καὶ
357 2041 569 2114 ἕτοιμοί
583 2047 686 2098 εἰσι
706 2045 795 2100 καὶ
815 2046 875 2100 ἐκ
895 2050 1007 2100 τῶν
1025 2044 1211 2116 λόγων
1230 2048 1321 2102 καὶ
1343 2050 1400 2102 ἐκ
1419 2053 1532 2102 τῶν
1551 2050 1729 2118 ἔργων

44 2132 156 2186 τοῖς
193 2120 383 2189 ἄλλοις
417 2121 866 2197 ἀπεχθανόμενοι
909 2139 1022 2193 τοῖς
1058 2131 1353 2198 ἐρωμένοις
1388 2132 1726 2200 χαρίζεσθαι,

0 2206 7 2275 1
43 2202 239 2275 ῥᾴδιον
257 2210 484 2277 γνῶναι,
511 2211 563 2263 εἰ
577 2205 763 2279 ἀληθῆ
782 2210 1057 2280 λέγουσιν,
1080 2208 1204 2279 οἵγ’
1227 2207 1380 2264 ὅσων
1400 2205 1471 2264 ἂν
1490 2208 1728 2280 ὕστερον

43 2286 391 2356 ἐρασθῶσιν,
429 2290 674 2355 ἐκείνους
712 2287 900 2345 αὐτῶν
937 2294 1060 2358 περὶ
1096 2297 1351 2357 πλείονος
1385 2292 1727 2364 ποιήσονται,

4 2424 12 2438 ,
41 2370 130 2422 καὶ
152 2370 325 2438 δῆλον
342 2366 442 2440 ὅτι,
463 2368 563 2427 ἐὰν
582 2374 812 2438 ἐκείνοις
831 2375 986 2444 δοκῇ,
1008 2374 1097 2428 καὶ
1117 2372 1348 2439 τούτους
1366 2380 1549 2440 κακῶς
1566 2373 1729 2446 ποιή-

3 2498 16 2508 ,
42 2464 220 2507 σουσι.
278 2457 372 2507 καί
398 2473 482 2507 τοι
501 2459 617 2518 πῶς
635 2453 781 2518 εἰκός
800 2455 913 2509 ἐστι
931 2461 1187 2510 τοιοῦτον
1206 2461 1432 2526 πρᾶγμα
1453 2457 1727 2526 προέσθαι

7 2515 304 2612 ξτοιαύτην
325 2536 502 2602 ἔχοντι
523 2533 849 2604 συμφοράν,
880 2533 952 2606 ἢν
973 2534 1098 2591 οὐδ’
1122 2532 1194 2592 ἄν
1213 2538 1604 2609 ἐπιχειρήσειεν
1625 2535 1724 2594 ού-
1757 2550 1791 2590 D

23 2612 150 2691 ζδεὶς
178 2615 431 2683 ἔμπειρος
463 2611 544 2669 ῶν
573 2612 931 2684 ἆποτρέπειν;
970 2618 1059 2674 καὶ
1085 2618 1191 2689 γὰρ
1211 2617 1367 2676 αὐτοὶ
1388 2618 1726 2691 ὁμολογοῦσι

31 2703 228 2749 ’νοσεῖν
259 2701 473 2765 μᾶλλον
502 2692 537 2768 ἢ
559 2709 901 2768 σωφρονεῖν,
940 2700 1030 2755 καὶ
1050 2703 1254 2757 εἰδέναι
1275 2699 1358 2758 ὅτι
1378 2707 1559 2765 κακῶς
1580 2720 1723 2771 φρο-

41 2779 265 2845 νοῦσιν,
304 2775 425 2833 ἀλλ’
459 2776 528 2833 οὐ
559 2779 839 2835 δύνασθαι
871 2775 1056 2836 αὐτῶν
1078 2794 1298 2852 κρατεῖν
1312 2804 1323 2815 ·
1360 2781 1497 2837 ὥστε
1517 2785 1632 2846 πῶς
1651 2776 1725 2837 ἄν
