<?xml version="1.0" encoding="UTF-8"?>
<!DOCTYPE html PUBLIC "-//W3C//DTD XHTML 1.0 Transitional//EN"
    "http://www.w3.org/TR/xhtml1/DTD/xhtml1-transitional.dtd">
<html xmlns="http://www.w3.org/1999/xhtml" xml:lang="en" lang="en">
 <head>
  <title>
</title>
<meta http-equiv="Content-Type" content="text/html;charset=utf-8" />
  <meta name='ocr-system' content='tesseract 3.04.00' />
  <meta name='ocr-capabilities' content='ocr_page ocr_carea ocr_par ocr_line ocrx_word'/>
</head>
<body>
  <div class='ocr_page' id='page_1' title='image "./dialogisecumdumt02platuoft_0409.png"; bbox 0 0 2028 3198; ppageno 0'>
   <div class='ocr_carea' id='block_1_1' title="bbox 16 65 1759 316">
    <p class='ocr_par' dir='ltr' id='par_1_1' title="bbox 16 65 1759 316">
     <span class='ocr_line' id='line_1_1' title="bbox 73 65 1759 164; baseline -0.008 0"><span class='ocrx_word' id='word_1_1' title='bbox 73 118 157 164; x_wconf 74' lang='grc' dir='ltr'><strong><em>ιω</em></strong></span> <span class='ocrx_word' id='word_1_2' title='bbox 199 87 202 89; x_wconf 62' lang='grc'><strong><em>’</em></strong></span> <span class='ocrx_word' id='word_1_3' title='bbox 742 105 904 157; x_wconf 74' lang='grc' dir='ltr'><strong><em>ΘΕΑ</em></strong></span> <span class='ocrx_word' id='word_1_4' title='bbox 918 65 1093 154; x_wconf 63' lang='grc' dir='ltr'><strong><em>ΓΗΣ.</em></strong></span> <span class='ocrx_word' id='word_1_5' title='bbox 1651 99 1759 151; x_wconf 69' lang='grc'><strong><em>379</em></strong></span> 
     </span>
     <span class='ocr_line' id='line_1_2' title="bbox 16 201 1755 316; baseline -0.009 -11"><span class='ocrx_word' id='word_1_6' title='bbox 16 201 47 256; x_wconf 61' lang='lat'><strong><em>³,</em></strong></span> <span class='ocrx_word' id='word_1_7' title='bbox 70 255 150 304; x_wconf 86' lang='grc' dir='ltr'><strong><em>λω</em></strong></span> <span class='ocrx_word' id='word_1_8' title='bbox 169 246 460 316; x_wconf 69' lang='grc' dir='ltr'><strong><em>πράττειν,</em></strong></span> <span class='ocrx_word' id='word_1_9' title='bbox 478 261 684 299; x_wconf 88' lang='grc' dir='ltr'><strong><em>τουτου</em></strong></span> <span class='ocrx_word' id='word_1_10' title='bbox 701 236 1053 310; x_wconf 76' lang='grc' dir='ltr'><strong><em>ἀποτροπήν,</em></strong></span> <span class='ocrx_word' id='word_1_11' title='bbox 1072 239 1368 308; x_wconf 81' lang='grc' dir='ltr'><strong><em>προτρέπει</em></strong></span> <span class='ocrx_word' id='word_1_12' title='bbox 1384 236 1443 294; x_wconf 78' lang='grc' dir='ltr'><strong><em>δὲ</em></strong></span> <span class='ocrx_word' id='word_1_13' title='bbox 1462 233 1755 294; x_wconf 75' lang='grc' dir='ltr'><strong><em>οὐδέποτε·</em></strong></span> 
     </span>
    </p>
   </div>
   <div class='ocr_carea' id='block_1_2' title="bbox 15 315 1843 508">
    <p class='ocr_par' dir='ltr' id='par_1_2' title="bbox 15 315 1843 492">
     <span class='ocr_line' id='line_1_3' title="bbox 70 315 1843 398; baseline -0.009 -11.464"><span class='ocrx_word' id='word_1_14' title='bbox 70 330 216 386; x_wconf 79' lang='grc' dir='ltr'><strong><em>καὶ’</em></strong></span> <span class='ocrx_word' id='word_1_15' title='bbox 188 329 287 384; x_wconf 83' lang='grc' dir='ltr'><strong><em>εάν</em></strong></span> <span class='ocrx_word' id='word_1_16' title='bbox 304 333 385 392; x_wconf 84' lang='grc' dir='ltr'><strong><em>τίς</em></strong></span> <span class='ocrx_word' id='word_1_17' title='bbox 401 348 496 398; x_wconf 88' lang='grc' dir='ltr'><strong><em>μοι</em></strong></span> <span class='ocrx_word' id='word_1_18' title='bbox 513 330 627 380; x_wconf 71' lang='grc' dir='ltr'><strong><em>τῶν</em></strong></span> <span class='ocrx_word' id='word_1_19' title='bbox 643 327 824 393; x_wconf 86' lang='grc' dir='ltr'><strong><em>φίλων</em></strong></span> <span class='ocrx_word' id='word_1_20' title='bbox 843 319 1214 376; x_wconf 73' lang='grc' dir='ltr'><strong><em>ἀνακοινοῦται</em></strong></span> <span class='ocrx_word' id='word_1_21' title='bbox 1233 321 1325 376; x_wconf 84' lang='grc' dir='ltr'><strong><em>καὶ</em></strong></span> <span class='ocrx_word' id='word_1_22' title='bbox 1337 322 1560 390; x_wconf 74' lang='grc' dir='ltr'><strong><em>γένηται</em></strong></span> <span class='ocrx_word' id='word_1_23' title='bbox 1578 315 1612 389; x_wconf 80' lang='grc' dir='ltr'><em>ἡ</em></span> <span class='ocrx_word' id='word_1_24' title='bbox 1634 339 1753 388; x_wconf 78' lang='lat' dir='ltr'><strong><em>‹pm-</em></strong></span> <span class='ocrx_word' id='word_1_25' title='bbox 1839 385 1843 387; x_wconf 62' lang='lat'><em>,</em></span> 
     </span>
     <span class='ocr_line' id='line_1_4' title="bbox 15 401 1757 508; baseline -0.006 -41"><span class='ocrx_word' id='word_1_26' title='bbox 15 475 20 492; x_wconf 39' lang='grc' dir='ltr'>Ι</span> <span class='ocrx_word' id='word_1_27' title='bbox 72 410 175 508; x_wconf 71' lang='grc' dir='ltr'><strong><em>νή,</em></strong></span> <span class='ocrx_word' id='word_1_28' title='bbox 208 408 419 466; x_wconf 79' lang='grc' dir='ltr'><strong><em>ταύτόν</em></strong></span> <span class='ocrx_word' id='word_1_29' title='bbox 449 412 618 464; x_wconf 87' lang='grc' dir='ltr'><strong><em>τοῦτο</em></strong></span> <span class='ocrx_word' id='word_1_30' title='bbox 647 403 943 472; x_wconf 73' lang='grc' dir='ltr'><em>ἀποτρέπει</em></span> <span class='ocrx_word' id='word_1_31' title='bbox 972 405 1065 460; x_wconf 80' lang='grc' dir='ltr'><strong><em>καὶ</em></strong></span> <span class='ocrx_word' id='word_1_32' title='bbox 1094 401 1198 460; x_wconf 84' lang='grc' dir='ltr'><strong><em>οὐκ</em></strong></span> <span class='ocrx_word' id='word_1_33' title='bbox 1234 405 1299 477; x_wconf 78' lang='grc' dir='ltr'><em>έᾷ</em></span> <span class='ocrx_word' id='word_1_34' title='bbox 1327 401 1602 472; x_wconf 83' lang='grc' dir='ltr'><strong><em>πράττειν.</em></strong></span> <span class='ocrx_word' id='word_1_35' title='bbox 1668 401 1757 457; x_wconf 82' lang='grc' dir='ltr'><strong><em>καὶ</em></strong></span> 
     </span>
    </p>
   </div>
   <div class='ocr_carea' id='block_1_3' title="bbox 71 482 1756 561">
    <p class='ocr_par' dir='ltr' id='par_1_3' title="bbox 71 482 1756 561">
     <span class='ocr_line' id='line_1_5' title="bbox 71 482 1756 561; baseline -0.006 -12"><span class='ocrx_word' id='word_1_36' title='bbox 71 493 289 548; x_wconf 80' lang='grc' dir='ltr'><strong><em>τούτων</em></strong></span> <span class='ocrx_word' id='word_1_37' title='bbox 306 489 440 561; x_wconf 77' lang='grc' dir='ltr'><strong><em>ὑμῖν</em></strong></span> <span class='ocrx_word' id='word_1_38' title='bbox 462 490 743 560; x_wconf 86' lang='grc' dir='ltr'><strong><em>μάρτυρας</em></strong></span> <span class='ocrx_word' id='word_1_39' title='bbox 762 489 1075 557; x_wconf 83' lang='grc' dir='ltr'><strong><em>παρέξομαι.</em></strong></span> <span class='ocrx_word' id='word_1_40' title='bbox 1107 489 1398 556; x_wconf 78' lang='grc' dir='ltr'><em>Χαρμίδην</em></span> <span class='ocrx_word' id='word_1_41' title='bbox 1409 482 1516 555; x_wconf 77' lang='grc' dir='ltr'><strong><em>γὰρ</em></strong></span> <span class='ocrx_word' id='word_1_42' title='bbox 1537 484 1756 540; x_wconf 81' lang='grc' dir='ltr'><strong><em>τουτονὶ</em></strong></span> 
     </span>
    </p>
   </div>
   <div class='ocr_carea' id='block_1_4' title="bbox 13 558 1831 807">
    <p class='ocr_par' dir='ltr' id='par_1_4' title="bbox 13 558 1831 807">
     <span class='ocr_line' id='line_1_6' title="bbox 13 558 1757 641; baseline -0.004 -13"><span class='ocrx_word' id='word_1_43' title='bbox 13 587 34 630; x_wconf 76' lang='grc'><strong><em>3,</em></strong></span> <span class='ocrx_word' id='word_1_44' title='bbox 71 571 408 641; x_wconf 71' lang='grc' dir='ltr'><strong><em>γιγνώσκετε</em></strong></span> <span class='ocrx_word' id='word_1_45' title='bbox 428 570 528 626; x_wconf 82' lang='grc' dir='ltr'><strong><em>τόν</em></strong></span> <span class='ocrx_word' id='word_1_46' title='bbox 546 571 721 627; x_wconf 85' lang='grc' dir='ltr'><strong><em>καλὸν</em></strong></span> <span class='ocrx_word' id='word_1_47' title='bbox 741 568 1063 640; x_wconf 78' lang='grc' dir='ltr'><strong><em>γενόμενον,</em></strong></span> <span class='ocrx_word' id='word_1_48' title='bbox 1084 570 1186 624; x_wconf 91' lang='grc' dir='ltr'><strong><em>τὸν</em></strong></span> <span class='ocrx_word' id='word_1_49' title='bbox 1202 568 1563 632; x_wconf 79' lang='grc' dir='ltr'><strong><em>Γλαύκωνος·</em></strong></span> <span class='ocrx_word' id='word_1_50' title='bbox 1590 558 1757 631; x_wconf 80' lang='grc' dir='ltr'><strong><em>οὗτός</em></strong></span> 
     </span>
     <span class='ocr_line' id='line_1_7' title="bbox 73 645 1831 724; baseline -0.005 -11.292"><span class='ocrx_word' id='word_1_51' title='bbox 73 674 206 710; x_wconf 75' lang='grc' dir='ltr'><strong><em>ποτε</em></strong></span> <span class='ocrx_word' id='word_1_52' title='bbox 249 654 548 724; x_wconf 77' lang='grc' dir='ltr'><strong><em>ἐτύγχανεν</em></strong></span> <span class='ocrx_word' id='word_1_53' title='bbox 578 654 696 723; x_wconf 82' lang='grc' dir='ltr'><strong><em>ἐμοι</em></strong></span> <span class='ocrx_word' id='word_1_54' title='bbox 732 650 1208 721; x_wconf 78' lang='grc' dir='ltr'><strong><em>ἀνακυινουμενος</em></strong></span> <span class='ocrx_word' id='word_1_55' title='bbox 1244 652 1461 721; x_wconf 78' lang='grc' dir='ltr'><strong><em>μέλλων</em></strong></span> <span class='ocrx_word' id='word_1_56' title='bbox 1491 645 1755 718; x_wconf 78' lang='grc' dir='ltr'><strong><em>ἀσκήσειν</em></strong></span> <span class='ocrx_word' id='word_1_57' title='bbox 1801 663 1831 704; x_wconf 78' lang='lat' dir='ltr'>E</span> 
     </span>
     <span class='ocr_line' id='line_1_8' title="bbox 72 727 1758 807; baseline -0.006 -14.372"><span class='ocrx_word' id='word_1_58' title='bbox 72 737 302 792; x_wconf 85' lang='grc' dir='ltr'><strong><em>στάδιον</em></strong></span> <span class='ocrx_word' id='word_1_59' title='bbox 315 742 390 801; x_wconf 76' lang='grc' dir='ltr'><strong><em>εἰς</em></strong></span> <span class='ocrx_word' id='word_1_60' title='bbox 408 738 641 807; x_wconf 86' lang='grc' dir='ltr'><strong><em>Νεμέαν·</em></strong></span> <span class='ocrx_word' id='word_1_61' title='bbox 663 757 749 790; x_wconf 81' lang='grc' dir='ltr'><strong><em>και</em></strong></span> <span class='ocrx_word' id='word_1_62' title='bbox 736 727 1758 802; x_wconf 75' lang='grc' dir='ltr'><strong><em>ειθυςαυτουαρχομενου)εγειν,οτι</em></strong></span> 
     </span>
    </p>
   </div>
   <div class='ocr_carea' id='block_1_5' title="bbox 73 804 1758 967">
    <p class='ocr_par' dir='ltr' id='par_1_5' title="bbox 73 804 1758 967">
     <span class='ocr_line' id='line_1_9' title="bbox 73 804 1758 922; baseline -0.007 -47"><span class='ocrx_word' id='word_1_63' title='bbox 73 821 261 890; x_wconf 81' lang='grc' dir='ltr'><strong><em>μέλλοι</em></strong></span> <span class='ocrx_word' id='word_1_64' title='bbox 270 818 516 922; x_wconf 78' lang='grc' dir='ltr'><strong><em>ἀσκεῖν,</em></strong></span> <span class='ocrx_word' id='word_1_65' title='bbox 511 820 726 887; x_wconf 79' lang='grc' dir='ltr'><strong><em>ἐγένετο</em></strong></span> <span class='ocrx_word' id='word_1_66' title='bbox 748 814 779 887; x_wconf 88' lang='grc' dir='ltr'><strong><em>ἡ</em></strong></span> <span class='ocrx_word' id='word_1_67' title='bbox 802 837 961 885; x_wconf 81' lang='grc' dir='ltr'><strong><em>φωνη</em></strong></span> <span class='ocrx_word' id='word_1_68' title='bbox 980 857 992 880; x_wconf 90' lang='grc'><strong><em>,</em></strong></span> <span class='ocrx_word' id='word_1_69' title='bbox 1013 815 1104 870; x_wconf 82' lang='grc' dir='ltr'><strong><em>καὶ</em></strong></span> <span class='ocrx_word' id='word_1_70' title='bbox 1123 812 1228 883; x_wconf 78' lang='grc' dir='ltr'><strong><em>ἐγω</em></strong></span> <span class='ocrx_word' id='word_1_71' title='bbox 1251 810 1558 868; x_wconf 81' lang='grc' dir='ltr'><strong><em>διεκωλυόν</em></strong></span> <span class='ocrx_word' id='word_1_72' title='bbox 1576 831 1633 865; x_wconf 91' lang='grc' dir='ltr'><strong><em>τε</em></strong></span> <span class='ocrx_word' id='word_1_73' title='bbox 1653 804 1758 864; x_wconf 79' lang='grc' dir='ltr'><strong><em>αὖ·</em></strong></span> 
     </span>
     <span class='ocr_line' id='line_1_10' title="bbox 74 888 1755 967; baseline -0.008 -10"><span class='ocrx_word' id='word_1_74' title='bbox 74 898 179 956; x_wconf 80' lang='grc' dir='ltr'><strong><em>τὸν</em></strong></span> <span class='ocrx_word' id='word_1_75' title='bbox 197 901 287 956; x_wconf 81' lang='grc' dir='ltr'><strong><em>καὶ</em></strong></span> <span class='ocrx_word' id='word_1_76' title='bbox 309 898 516 956; x_wconf 58' lang='lat' dir='ltr'><strong><em>damst*</em></strong></span> <span class='ocrx_word' id='word_1_77' title='bbox 485 921 570 955; x_wconf 89' lang='grc' dir='ltr'><strong><em>οτι</em></strong></span> <span class='ocrx_word' id='word_1_78' title='bbox 589 898 848 967; x_wconf 77' lang='grc' dir='ltr'><strong><em>λέγοντός</em></strong></span> <span class='ocrx_word' id='word_1_79' title='bbox 868 914 974 950; x_wconf 88' lang='grc' dir='ltr'><strong><em>σου</em></strong></span> <span class='ocrx_word' id='word_1_80' title='bbox 993 893 1193 965; x_wconf 81' lang='grc' dir='ltr'><strong><em>μεταξὺ</em></strong></span> <span class='ocrx_word' id='word_1_81' title='bbox 1216 894 1415 963; x_wconf 79' lang='grc' dir='ltr'><strong><em>γέγονέ</em></strong></span> <span class='ocrx_word' id='word_1_82' title='bbox 1431 913 1522 962; x_wconf 89' lang='grc' dir='ltr'><strong><em>μοι</em></strong></span> <span class='ocrx_word' id='word_1_83' title='bbox 1541 888 1574 962; x_wconf 87' lang='grc' dir='ltr'><em>ἡ</em></span> <span class='ocrx_word' id='word_1_84' title='bbox 1596 889 1755 961; x_wconf 80' lang='grc' dir='ltr'><strong><em>φωνὴ</em></strong></span> 
     </span>
    </p>
   </div>
   <div class='ocr_carea' id='block_1_6' title="bbox 12 975 1758 1132">
    <p class='ocr_par' dir='ltr' id='par_1_6' title="bbox 12 975 1758 1132">
     <span class='ocr_line' id='line_1_11' title="bbox 12 975 1757 1054; baseline -0.006 -17"><span class='ocrx_word' id='word_1_85' title='bbox 12 1024 21 1054; x_wconf 67' lang='lat'>3</span> <span class='ocrx_word' id='word_1_86' title='bbox 73 980 108 1052; x_wconf 83' lang='grc' dir='ltr'><strong><em>ἡ</em></strong></span> <span class='ocrx_word' id='word_1_87' title='bbox 129 989 233 1036; x_wconf 84' lang='grc' dir='ltr'><strong><em>τοῦ</em></strong></span> <span class='ocrx_word' id='word_1_88' title='bbox 261 985 579 1051; x_wconf 84' lang='grc' dir='ltr'><strong><em>δαιμονίου·</em></strong></span> <span class='ocrx_word' id='word_1_89' title='bbox 632 978 770 1034; x_wconf 82' lang='grc' dir='ltr'><strong><em>άλλά</em></strong></span> <span class='ocrx_word' id='word_1_90' title='bbox 805 975 878 1049; x_wconf 88' lang='grc' dir='ltr'><strong><em>μὴ</em></strong></span> <span class='ocrx_word' id='word_1_91' title='bbox 910 977 1080 1033; x_wconf 70' lang='grc' dir='ltr'><strong><em>ἄσκει.</em></strong></span> <span class='ocrx_word' id='word_1_92' title='bbox 1134 984 1293 1046; x_wconf 78' lang='grc' dir='ltr'><strong><em>ἴσως,</em></strong></span> <span class='ocrx_word' id='word_1_93' title='bbox 1332 996 1466 1045; x_wconf 86' lang='grc' dir='ltr'><strong><em>εφη,</em></strong></span> <span class='ocrx_word' id='word_1_94' title='bbox 1506 978 1757 1044; x_wconf 81' lang='grc' dir='ltr'><strong><em>σημαίνει</em></strong></span> 
     </span>
     <span class='ocr_line' id='line_1_12' title="bbox 15 1055 1758 1132; baseline -0.005 -14"><span class='ocrx_word' id='word_1_95' title='bbox 15 1069 19 1075; x_wconf 87' lang='grc'><strong>’</strong></span> <span class='ocrx_word' id='word_1_96' title='bbox 74 1079 183 1132; x_wconf 86' lang='grc' dir='ltr'><strong><em>σοι,</em></strong></span> <span class='ocrx_word' id='word_1_97' title='bbox 203 1060 289 1118; x_wconf 77' lang='grc' dir='ltr'><strong><em>ὅτι</em></strong></span> <span class='ocrx_word' id='word_1_98' title='bbox 304 1059 375 1118; x_wconf 82' lang='grc' dir='ltr'><strong><em>οὐ</em></strong></span> <span class='ocrx_word' id='word_1_99' title='bbox 391 1062 625 1132; x_wconf 79' lang='grc' dir='ltr'><strong><em>νικήσω·</em></strong></span> <span class='ocrx_word' id='word_1_100' title='bbox 649 1061 754 1132; x_wconf 79' lang='grc' dir='ltr'><strong><em>ἐγώ</em></strong></span> <span class='ocrx_word' id='word_1_101' title='bbox 779 1061 836 1116; x_wconf 76' lang='grc' dir='ltr'><strong><em>δὲ</em></strong></span> <span class='ocrx_word' id='word_1_102' title='bbox 858 1055 966 1115; x_wconf 69' lang='grc' dir='ltr'><strong><em>κᾶν</em></strong></span> <span class='ocrx_word' id='word_1_103' title='bbox 984 1058 1056 1130; x_wconf 85' lang='grc' dir='ltr'><strong><em>μὴ</em></strong></span> <span class='ocrx_word' id='word_1_104' title='bbox 1075 1060 1254 1129; x_wconf 85' lang='grc' dir='ltr'><strong><em>μέλλω</em></strong></span> <span class='ocrx_word' id='word_1_105' title='bbox 1273 1055 1758 1130; x_wconf 74' lang='grc' dir='ltr'><strong><em>νικᾷν,γυμνασά-</em></strong></span> 
     </span>
    </p>
   </div>
   <div class='ocr_carea' id='block_1_7' title="bbox 0 1860 4 2455">
    <p class='ocr_par' dir='ltr' id='par_1_7' title="bbox 0 1860 4 2455">
     <span class='ocr_line' id='line_1_13' title="bbox 0 1860 4 2455; baseline 0 0"><span class='ocrx_word' id='word_1_106' title='bbox 0 1860 4 2455; x_wconf 95' lang='lat' dir='ltr'><strong><em> </em></strong></span> 
     </span>
    </p>
   </div>
   <div class='ocr_carea' id='block_1_8' title="bbox 75 1136 1757 1296">
    <p class='ocr_par' dir='ltr' id='par_1_8' title="bbox 75 1136 1757 1296">
     <span class='ocr_line' id='line_1_14' title="bbox 75 1136 1757 1214; baseline -0.004 -15"><span class='ocrx_word' id='word_1_107' title='bbox 75 1141 240 1214; x_wconf 75' lang='grc' dir='ltr'><strong><em>μενός</em></strong></span> <span class='ocrx_word' id='word_1_108' title='bbox 256 1164 319 1213; x_wconf 80' lang='grc' dir='ltr'><strong><em>γε</em></strong></span> <span class='ocrx_word' id='word_1_109' title='bbox 340 1149 542 1199; x_wconf 87' lang='grc' dir='ltr'><strong><em>τοῦτον</em></strong></span> <span class='ocrx_word' id='word_1_110' title='bbox 559 1142 659 1198; x_wconf 83' lang='grc' dir='ltr'><strong><em>τὸν</em></strong></span> <span class='ocrx_word' id='word_1_111' title='bbox 679 1142 883 1212; x_wconf 85' lang='grc' dir='ltr'><strong><em>χρόνον</em></strong></span> <span class='ocrx_word' id='word_1_112' title='bbox 904 1140 1342 1212; x_wconf 83' lang='grc' dir='ltr'><strong><em>ὠφεληθήσομαι</em></strong></span> <span class='ocrx_word' id='word_1_113' title='bbox 1356 1162 1367 1173; x_wconf 92' lang='grc'><strong><em>·</em></strong></span> <span class='ocrx_word' id='word_1_114' title='bbox 1397 1144 1566 1194; x_wconf 86' lang='grc' dir='ltr'><strong><em>ταῦτα</em></strong></span> <span class='ocrx_word' id='word_1_115' title='bbox 1588 1136 1757 1193; x_wconf 73' lang='grc' dir='ltr'><strong><em>εἰπών</em></strong></span> 
     </span>
     <span class='ocr_line' id='line_1_15' title="bbox 76 1217 1754 1296; baseline -0.004 -16"><span class='ocrx_word' id='word_1_116' title='bbox 76 1222 262 1296; x_wconf 80' lang='grc' dir='ltr'><strong><em>ἤσκει·</em></strong></span> <span class='ocrx_word' id='word_1_117' title='bbox 317 1222 475 1291; x_wconf 77' lang='grc' dir='ltr'><strong><em>ἄξιον</em></strong></span> <span class='ocrx_word' id='word_1_118' title='bbox 498 1217 603 1280; x_wconf 83' lang='grc' dir='ltr'><strong><em>οὖν</em></strong></span> <span class='ocrx_word' id='word_1_119' title='bbox 635 1226 923 1279; x_wconf 80' lang='grc' dir='ltr'><strong><em>πυθέσθαι</em></strong></span> <span class='ocrx_word' id='word_1_120' title='bbox 954 1221 1158 1291; x_wconf 82' lang='grc' dir='ltr'><strong><em>αὐτοῦ,</em></strong></span> <span class='ocrx_word' id='word_1_121' title='bbox 1197 1219 1233 1276; x_wconf 78' lang='grc' dir='ltr'><em>ὁὶ</em></span> <span class='ocrx_word' id='word_1_122' title='bbox 1253 1218 1405 1295; x_wconf 77' lang='grc' dir='ltr'><strong><em>αὐτῷ</em></strong></span> <span class='ocrx_word' id='word_1_123' title='bbox 1426 1223 1624 1293; x_wconf 81' lang='grc' dir='ltr'><strong><em>ξυνέβη</em></strong></span> <span class='ocrx_word' id='word_1_124' title='bbox 1645 1217 1754 1275; x_wconf 80' lang='grc' dir='ltr'><strong><em>ἀπὸ</em></strong></span> 
     </span>
    </p>
   </div>
   <div class='ocr_carea' id='block_1_9' title="bbox 55 1299 1871 1378">
    <p class='ocr_par' dir='ltr' id='par_1_9' title="bbox 55 1299 1871 1378">
     <span class='ocr_line' id='line_1_16' title="bbox 55 1299 1871 1378; baseline -0.004 -14"><span class='ocrx_word' id='word_1_125' title='bbox 55 1306 279 1377; x_wconf 79' lang='grc' dir='ltr'><strong><em>,ταύτης</em></strong></span> <span class='ocrx_word' id='word_1_126' title='bbox 298 1314 392 1378; x_wconf 82' lang='grc' dir='ltr'><strong><em>τῆς</em></strong></span> <span class='ocrx_word' id='word_1_127' title='bbox 405 1305 703 1377; x_wconf 78' lang='grc' dir='ltr'><strong><em>ἀσκήσεως.</em></strong></span> <span class='ocrx_word' id='word_1_128' title='bbox 740 1306 858 1363; x_wconf 82' lang='grc' dir='ltr'><strong><em>εἰδὲ</em></strong></span> <span class='ocrx_word' id='word_1_129' title='bbox 877 1305 1157 1377; x_wconf 81' lang='grc' dir='ltr'><strong><em>βούλεσθε</em></strong></span> <span class='ocrx_word' id='word_1_130' title='bbox 1174 1304 1274 1360; x_wconf 85' lang='grc' dir='ltr'><strong><em>τὸν</em></strong></span> <span class='ocrx_word' id='word_1_131' title='bbox 1292 1304 1576 1375; x_wconf 79' lang='grc' dir='ltr'><strong><em>Τιμάρχου</em></strong></span> <span class='ocrx_word' id='word_1_132' title='bbox 1594 1299 1757 1356; x_wconf 80' lang='grc' dir='ltr'><strong><em>ἀδελ·</em></strong></span> <span class='ocrx_word' id='word_1_133' title='bbox 1789 1317 1871 1364; x_wconf 71' lang='lat'><strong><em>129</em></strong></span> 
     </span>
    </p>
   </div>
   <div class='ocr_carea' id='block_1_10' title="bbox 75 1379 1822 2617">
    <p class='ocr_par' dir='ltr' id='par_1_10' title="bbox 75 1379 1759 1710">
     <span class='ocr_line' id='line_1_17' title="bbox 76 1379 1753 1460; baseline -0.004 -15"><span class='ocrx_word' id='word_1_134' title='bbox 76 1386 192 1459; x_wconf 78' lang='grc' dir='ltr'><strong><em>φὰν</em></strong></span> <span class='ocrx_word' id='word_1_135' title='bbox 208 1389 585 1460; x_wconf 84' lang='grc' dir='ltr'><strong><em>Κλειτόμαχον</em></strong></span> <span class='ocrx_word' id='word_1_136' title='bbox 607 1393 860 1459; x_wconf 79' lang='grc' dir='ltr'><strong><em>ἐρέσθαι,</em></strong></span> <span class='ocrx_word' id='word_1_137' title='bbox 893 1394 951 1444; x_wconf 88' lang='grc' dir='ltr'><strong><em>τί</em></strong></span> <span class='ocrx_word' id='word_1_138' title='bbox 975 1386 1128 1443; x_wconf 84' lang='grc' dir='ltr'><strong><em>εἶπεν</em></strong></span> <span class='ocrx_word' id='word_1_139' title='bbox 1147 1384 1298 1459; x_wconf 82' lang='grc' dir='ltr'><strong><em>αὐτῷ</em></strong></span> <span class='ocrx_word' id='word_1_140' title='bbox 1322 1393 1591 1456; x_wconf 75' lang='grc' dir='ltr'><strong><em>Τίμαρχος</em></strong></span> <span class='ocrx_word' id='word_1_141' title='bbox 1618 1379 1753 1455; x_wconf 82' lang='grc' dir='ltr'><strong><em>ἡνίκ’</em></strong></span> 
     </span>
     <span class='ocr_line' id='line_1_18' title="bbox 76 1467 1758 1544; baseline -0.003 -18"><span class='ocrx_word' id='word_1_142' title='bbox 76 1469 543 1542; x_wconf 72' lang='grc' dir='ltr'><strong><em>ἀποθανούμενος</em></strong></span> <span class='ocrx_word' id='word_1_143' title='bbox 579 1471 662 1544; x_wconf 77' lang='grc' dir='ltr'><strong><em>ᾔει</em></strong></span> <span class='ocrx_word' id='word_1_144' title='bbox 700 1469 848 1527; x_wconf 77' lang='grc' dir='ltr'><strong><em>εὐθὺ</em></strong></span> <span class='ocrx_word' id='word_1_145' title='bbox 884 1476 987 1527; x_wconf 87' lang='grc' dir='ltr'><strong><em>τοῦ</em></strong></span> <span class='ocrx_word' id='word_1_146' title='bbox 1017 1474 1312 1542; x_wconf 89' lang='grc' dir='ltr'><strong><em>δημοσίου,</em></strong></span> <span class='ocrx_word' id='word_1_147' title='bbox 1354 1468 1563 1533; x_wconf 80' lang='grc' dir='ltr'><strong><em>ἐκεῖνός</em></strong></span> <span class='ocrx_word' id='word_1_148' title='bbox 1589 1488 1645 1523; x_wconf 91' lang='grc' dir='ltr'><strong><em>τε</em></strong></span> <span class='ocrx_word' id='word_1_149' title='bbox 1669 1467 1758 1522; x_wconf 87' lang='grc' dir='ltr'><strong><em>καὶ</em></strong></span> 
     </span>
     <span class='ocr_line' id='line_1_19' title="bbox 78 1549 1759 1626; baseline -0.004 -16"><span class='ocrx_word' id='word_1_150' title='bbox 78 1553 344 1619; x_wconf 77' lang='grc' dir='ltr'><strong><em>Εὔαθλος</em></strong></span> <span class='ocrx_word' id='word_1_151' title='bbox 362 1555 391 1611; x_wconf 88' lang='grc' dir='ltr'><strong><em>ὁ</em></strong></span> <span class='ocrx_word' id='word_1_152' title='bbox 412 1559 860 1626; x_wconf 80' lang='grc' dir='ltr'><strong><em>σταδιοδρομῶν,</em></strong></span> <span class='ocrx_word' id='word_1_153' title='bbox 899 1550 960 1620; x_wconf 79' lang='grc' dir='ltr'><strong><em>ὃς</em></strong></span> <span class='ocrx_word' id='word_1_154' title='bbox 984 1559 1262 1625; x_wconf 86' lang='grc' dir='ltr'><strong><em>Τίμαρχον</em></strong></span> <span class='ocrx_word' id='word_1_155' title='bbox 1290 1550 1586 1618; x_wconf 83' lang='grc' dir='ltr'><strong><em>ὑπεδέξατο</em></strong></span> <span class='ocrx_word' id='word_1_156' title='bbox 1617 1549 1759 1620; x_wconf 86' lang='grc' dir='ltr'><strong><em>φεύ-</em></strong></span> 
     </span>
     <span class='ocr_line' id='line_1_20' title="bbox 75 1635 1341 1710; baseline -0.002 -16"><span class='ocrx_word' id='word_1_157' title='bbox 75 1658 271 1708; x_wconf 73' lang='grc' dir='ltr'><strong><em>γοντα·</em></strong></span> <span class='ocrx_word' id='word_1_158' title='bbox 294 1640 408 1707; x_wconf 82' lang='grc' dir='ltr'><strong><em>ἐρεῖ</em></strong></span> <span class='ocrx_word' id='word_1_159' title='bbox 423 1636 532 1709; x_wconf 81' lang='grc' dir='ltr'><strong><em>γὰρ</em></strong></span> <span class='ocrx_word' id='word_1_160' title='bbox 551 1635 685 1709; x_wconf 86' lang='grc' dir='ltr'><strong><em>ὑμῖν</em></strong></span> <span class='ocrx_word' id='word_1_161' title='bbox 704 1636 788 1694; x_wconf 78' lang='grc' dir='ltr'><strong><em>ὅτι</em></strong></span> <span class='ocrx_word' id='word_1_162' title='bbox 813 1636 965 1693; x_wconf 81' lang='grc' dir='ltr'><strong><em>εἶπεν</em></strong></span> <span class='ocrx_word' id='word_1_163' title='bbox 983 1635 1133 1710; x_wconf 77' lang='grc' dir='ltr'><strong><em>αὐτῷ</em></strong></span> <span class='ocrx_word' id='word_1_164' title='bbox 1153 1643 1341 1692; x_wconf 89' lang='grc' dir='ltr'><strong><em>ταῦτα.</em></strong></span> 
     </span>
    </p>

    <p class='ocr_par' dir='ltr' id='par_1_11' title="bbox 222 1725 486 1783">
     <span class='ocr_line' id='line_1_21' title="bbox 222 1725 486 1783; baseline 0.019 -7"><span class='ocrx_word' id='word_1_165' title='bbox 222 1725 335 1777; x_wconf 84' lang='grc' dir='ltr'><strong><em>ΘΕ.</em></strong></span> <span class='ocrx_word' id='word_1_166' title='bbox 398 1726 468 1776; x_wconf 86' lang='grc' dir='ltr'><strong><em>Τί</em></strong></span> <span class='ocrx_word' id='word_1_167' title='bbox 474 1745 486 1783; x_wconf 84' lang='grc'><strong>;</strong></span> 
     </span>
    </p>

    <p class='ocr_par' dir='ltr' id='par_1_12' title="bbox 76 1796 1822 2616">
     <span class='ocr_line' id='line_1_22' title="bbox 221 1796 1762 1874; baseline -0.004 -15"><span class='ocrx_word' id='word_1_168' title='bbox 221 1808 348 1859; x_wconf 75' lang='grc' dir='ltr'><strong><em>ΣΩ.</em></strong></span> <span class='ocrx_word' id='word_1_169' title='bbox 394 1797 459 1859; x_wconf 76' lang='grc' dir='ltr'><em>Ὠ</em></span> <span class='ocrx_word' id='word_1_170' title='bbox 476 1803 842 1873; x_wconf 86' lang='grc' dir='ltr'><strong><em>Κλειτόμαχε,</em></strong></span> <span class='ocrx_word' id='word_1_171' title='bbox 875 1807 1010 1874; x_wconf 84' lang='grc' dir='ltr'><strong><em>ἔφη,</em></strong></span> <span class='ocrx_word' id='word_1_172' title='bbox 1039 1804 1143 1872; x_wconf 78' lang='grc' dir='ltr'><strong><em>ἐγώ</em></strong></span> <span class='ocrx_word' id='word_1_173' title='bbox 1162 1805 1350 1873; x_wconf 86' lang='grc' dir='ltr'><strong><em>μέντοι</em></strong></span> <span class='ocrx_word' id='word_1_174' title='bbox 1372 1806 1595 1873; x_wconf 84' lang='grc' dir='ltr'><strong><em>ἔρχομαι</em></strong></span> <span class='ocrx_word' id='word_1_175' title='bbox 1618 1796 1762 1854; x_wconf 81' lang='grc' dir='ltr'><strong><em>ἀπο-</em></strong></span> 
     </span>
     <span class='ocr_line' id='line_1_23' title="bbox 81 1882 1758 1957; baseline -0.004 -14"><span class='ocrx_word' id='word_1_176' title='bbox 81 1885 435 1957; x_wconf 71' lang='grc' dir='ltr'><strong><em>θανούμενος</em></strong></span> <span class='ocrx_word' id='word_1_177' title='bbox 453 1891 601 1955; x_wconf 87' lang='grc' dir='ltr'><strong><em>νυνί,</em></strong></span> <span class='ocrx_word' id='word_1_178' title='bbox 624 1885 764 1941; x_wconf 80' lang='grc' dir='ltr'><strong><em>διότι</em></strong></span> <span class='ocrx_word' id='word_1_179' title='bbox 782 1884 1072 1953; x_wconf 78' lang='grc' dir='ltr'><strong><em>Σωκράτει</em></strong></span> <span class='ocrx_word' id='word_1_180' title='bbox 1092 1882 1194 1940; x_wconf 86' lang='grc' dir='ltr'><strong><em>οὐκ</em></strong></span> <span class='ocrx_word' id='word_1_181' title='bbox 1215 1883 1427 1956; x_wconf 78' lang='grc' dir='ltr'><strong><em>ἤθελον</em></strong></span> <span class='ocrx_word' id='word_1_182' title='bbox 1445 1888 1758 1938; x_wconf 82' lang='grc' dir='ltr'><strong><em>πείθεσθαι.</em></strong></span> 
     </span>
     <span class='ocr_line' id='line_1_24' title="bbox 76 1961 1760 2039; baseline -0.003 -15"><span class='ocrx_word' id='word_1_183' title='bbox 76 1972 136 2025; x_wconf 83' lang='grc' dir='ltr'><strong><em>τί</em></strong></span> <span class='ocrx_word' id='word_1_184' title='bbox 157 1967 225 2039; x_wconf 84' lang='grc' dir='ltr'><strong><em>δὴ</em></strong></span> <span class='ocrx_word' id='word_1_185' title='bbox 245 1961 353 2024; x_wconf 80' lang='grc' dir='ltr'><strong><em>οὖν</em></strong></span> <span class='ocrx_word' id='word_1_186' title='bbox 370 1969 500 2025; x_wconf 78' lang='grc' dir='ltr'><strong><em>ποτὲ</em></strong></span> <span class='ocrx_word' id='word_1_187' title='bbox 519 1973 684 2024; x_wconf 90' lang='grc' dir='ltr'><strong><em>τοῦτο</em></strong></span> <span class='ocrx_word' id='word_1_188' title='bbox 710 1966 863 2023; x_wconf 80' lang='grc' dir='ltr'><strong><em>εἶπεν</em></strong></span> <span class='ocrx_word' id='word_1_189' title='bbox 883 1965 912 2024; x_wconf 90' lang='grc' dir='ltr'>ὁ</span> <span class='ocrx_word' id='word_1_190' title='bbox 942 1974 1239 2038; x_wconf 81' lang='grc' dir='ltr'><strong><em>Τίμαρχος;</em></strong></span> <span class='ocrx_word' id='word_1_191' title='bbox 1278 1967 1384 2037; x_wconf 74' lang='grc' dir='ltr'><strong><em>ἐγώ</em></strong></span> <span class='ocrx_word' id='word_1_192' title='bbox 1404 1965 1617 2037; x_wconf 83' lang='grc' dir='ltr'><strong><em>φράσω.</em></strong></span> <span class='ocrx_word' id='word_1_193' title='bbox 1669 1962 1760 2021; x_wconf 81' lang='grc' dir='ltr'><strong><em>ὅτε</em></strong></span> 
     </span>
     <span class='ocr_line' id='line_1_25' title="bbox 78 2043 1822 2121; baseline -0.002 -15"><span class='ocrx_word' id='word_1_194' title='bbox 78 2048 337 2106; x_wconf 77' lang='grc' dir='ltr'><strong><em>ἀνίστατο</em></strong></span> <span class='ocrx_word' id='word_1_195' title='bbox 366 2052 427 2107; x_wconf 78' lang='grc' dir='ltr'><strong><em>ἐκ</em></strong></span> <span class='ocrx_word' id='word_1_196' title='bbox 454 2056 556 2106; x_wconf 88' lang='grc' dir='ltr'><strong><em>τοῦ</em></strong></span> <span class='ocrx_word' id='word_1_197' title='bbox 586 2056 903 2121; x_wconf 83' lang='grc' dir='ltr'><strong><em>συμποσίου</em></strong></span> <span class='ocrx_word' id='word_1_198' title='bbox 943 2048 973 2106; x_wconf 88' lang='grc' dir='ltr'>ὁ</span> <span class='ocrx_word' id='word_1_199' title='bbox 1009 2054 1280 2119; x_wconf 83' lang='grc' dir='ltr'><strong><em>Τίμαρχος</em></strong></span> <span class='ocrx_word' id='word_1_200' title='bbox 1309 2050 1399 2104; x_wconf 82' lang='grc' dir='ltr'><strong><em>καὶ</em></strong></span> <span class='ocrx_word' id='word_1_201' title='bbox 1440 2047 1706 2119; x_wconf 85' lang='grc' dir='ltr'><strong><em>Φιλήμων</em></strong></span> <span class='ocrx_word' id='word_1_202' title='bbox 1727 2043 1757 2103; x_wconf 87' lang='grc' dir='ltr'>ὁ</span> <span class='ocrx_word' id='word_1_203' title='bbox 1788 2065 1822 2108; x_wconf 76' lang='grc' dir='ltr'><strong>Β</strong></span> 
     </span>
     <span class='ocr_line' id='line_1_26' title="bbox 81 2126 1761 2203; baseline -0.002 -15"><span class='ocrx_word' id='word_1_204' title='bbox 81 2133 461 2203; x_wconf 85' lang='grc' dir='ltr'><strong><em>Φιλημονίδου</em></strong></span> <span class='ocrx_word' id='word_1_205' title='bbox 507 2128 947 2196; x_wconf 79' lang='grc' dir='ltr'><strong><em>ἀποκτενοῦντες</em></strong></span> <span class='ocrx_word' id='word_1_206' title='bbox 990 2136 1199 2187; x_wconf 84' lang='grc' dir='ltr'><strong><em>Νικίαν</em></strong></span> <span class='ocrx_word' id='word_1_207' title='bbox 1244 2127 1344 2187; x_wconf 82' lang='grc' dir='ltr'><strong><em>τὸν</em></strong></span> <span class='ocrx_word' id='word_1_208' title='bbox 1371 2126 1761 2200; x_wconf 86' lang='grc' dir='ltr'><strong><em>Ἡροσκαμάν-</em></strong></span> 
     </span>
     <span class='ocr_line' id='line_1_27' title="bbox 79 2210 1762 2285; baseline -0.001 -15"><span class='ocrx_word' id='word_1_209' title='bbox 79 2217 246 2284; x_wconf 82' lang='grc' dir='ltr'><strong><em>δρου,</em></strong></span> <span class='ocrx_word' id='word_1_210' title='bbox 277 2210 634 2283; x_wconf 77' lang='grc' dir='ltr'><strong><em>ἠπιστάσθην</em></strong></span> <span class='ocrx_word' id='word_1_211' title='bbox 661 2214 764 2284; x_wconf 76' lang='grc' dir='ltr'><strong><em>μὲν</em></strong></span> <span class='ocrx_word' id='word_1_212' title='bbox 793 2212 945 2269; x_wconf 76' lang='grc' dir='ltr'><strong><em>αὐτώ</em></strong></span> <span class='ocrx_word' id='word_1_213' title='bbox 966 2215 1120 2285; x_wconf 89' lang='grc' dir='ltr'><strong><em>μόνω</em></strong></span> <span class='ocrx_word' id='word_1_214' title='bbox 1151 2212 1254 2285; x_wconf 80' lang='grc' dir='ltr'><strong><em>τὴν</em></strong></span> <span class='ocrx_word' id='word_1_215' title='bbox 1282 2213 1611 2284; x_wconf 82' lang='grc' dir='ltr'><strong><em>ἐπιβουλήν,</em></strong></span> <span class='ocrx_word' id='word_1_216' title='bbox 1650 2210 1680 2270; x_wconf 90' lang='grc' dir='ltr'>ὁ</span> <span class='ocrx_word' id='word_1_217' title='bbox 1703 2214 1762 2269; x_wconf 81' lang='grc' dir='ltr'><strong><em>δὲ</em></strong></span> 
     </span>
     <span class='ocr_line' id='line_1_28' title="bbox 84 2289 1762 2368; baseline -0.002 -14"><span class='ocrx_word' id='word_1_218' title='bbox 84 2302 358 2368; x_wconf 81' lang='grc' dir='ltr'><strong><em>Τίμαρχος</em></strong></span> <span class='ocrx_word' id='word_1_219' title='bbox 387 2293 748 2365; x_wconf 78' lang='grc' dir='ltr'><strong><em>ἀνιστάμενος</em></strong></span> <span class='ocrx_word' id='word_1_220' title='bbox 768 2297 907 2363; x_wconf 78' lang='grc' dir='ltr'><strong><em>πρὸς</em></strong></span> <span class='ocrx_word' id='word_1_221' title='bbox 936 2296 1026 2367; x_wconf 74' lang='grc' dir='ltr'><strong><em>ἐμὲ</em></strong></span> <span class='ocrx_word' id='word_1_222' title='bbox 1057 2295 1202 2366; x_wconf 83' lang='grc' dir='ltr'><strong><em>εἶπε,</em></strong></span> <span class='ocrx_word' id='word_1_223' title='bbox 1243 2301 1297 2351; x_wconf 89' lang='grc' dir='ltr'><strong><em>τί</em></strong></span> <span class='ocrx_word' id='word_1_224' title='bbox 1309 2299 1508 2366; x_wconf 79' lang='grc' dir='ltr'><strong><em>λέγεις,</em></strong></span> <span class='ocrx_word' id='word_1_225' title='bbox 1545 2300 1679 2368; x_wconf 76' lang='grc' dir='ltr'><strong><em>ἔφη,</em></strong></span> <span class='ocrx_word' id='word_1_226' title='bbox 1717 2289 1762 2351; x_wconf 74' lang='grc' dir='ltr'><em>ὦ</em></span> 
     </span>
     <span class='ocr_line' id='line_1_29' title="bbox 80 2375 1758 2450; baseline -0.002 -14"><span class='ocrx_word' id='word_1_227' title='bbox 80 2381 404 2447; x_wconf 73' lang='grc' dir='ltr'><strong><em>Σώκρατεςς</em></strong></span> <span class='ocrx_word' id='word_1_228' title='bbox 445 2375 599 2448; x_wconf 75' lang='grc' dir='ltr'><strong><em>ὑμεῖς</em></strong></span> <span class='ocrx_word' id='word_1_229' title='bbox 617 2379 720 2449; x_wconf 75' lang='grc' dir='ltr'><strong><em>μὲν</em></strong></span> <span class='ocrx_word' id='word_1_230' title='bbox 740 2385 941 2448; x_wconf 77' lang='grc' dir='ltr'><strong><em>πίνετε,</em></strong></span> <span class='ocrx_word' id='word_1_231' title='bbox 962 2379 1051 2448; x_wconf 77' lang='grc' dir='ltr'><strong><em>ἐμὲ</em></strong></span> <span class='ocrx_word' id='word_1_232' title='bbox 1076 2375 1133 2432; x_wconf 75' lang='grc' dir='ltr'><strong><em>δὲ</em></strong></span> <span class='ocrx_word' id='word_1_233' title='bbox 1158 2381 1243 2433; x_wconf 85' lang='grc' dir='ltr'><strong><em>δεῖ</em></strong></span> <span class='ocrx_word' id='word_1_234' title='bbox 1258 2398 1349 2433; x_wconf 86' lang='grc' dir='ltr'><strong><em>ποι</em></strong></span> <span class='ocrx_word' id='word_1_235' title='bbox 1372 2380 1758 2450; x_wconf 81' lang='grc' dir='ltr'><strong><em>ἐξαναστῆναι·</em></strong></span> 
     </span>
     <span class='ocr_line' id='line_1_30' title="bbox 76 2459 1760 2534; baseline 0.001 -17"><span class='ocrx_word' id='word_1_236' title='bbox 76 2461 189 2533; x_wconf 80' lang='grc' dir='ltr'><strong><em>ἥξω</em></strong></span> <span class='ocrx_word' id='word_1_237' title='bbox 210 2463 267 2519; x_wconf 77' lang='grc' dir='ltr'><strong><em>δὲ</em></strong></span> <span class='ocrx_word' id='word_1_238' title='bbox 289 2459 480 2531; x_wconf 81' lang='grc' dir='ltr'><strong><em>ὀλίγον</em></strong></span> <span class='ocrx_word' id='word_1_239' title='bbox 503 2459 769 2531; x_wconf 81' lang='grc' dir='ltr'><strong><em>ὕστερον,</em></strong></span> <span class='ocrx_word' id='word_1_240' title='bbox 791 2459 890 2518; x_wconf 81' lang='grc' dir='ltr'><strong><em>έαν</em></strong></span> <span class='ocrx_word' id='word_1_241' title='bbox 910 2460 1075 2531; x_wconf 84' lang='grc' dir='ltr'><strong><em>τύχω.</em></strong></span> <span class='ocrx_word' id='word_1_242' title='bbox 1129 2465 1226 2517; x_wconf 85' lang='grc' dir='ltr'><strong><em>καί</em></strong></span> <span class='ocrx_word' id='word_1_243' title='bbox 1238 2482 1331 2532; x_wconf 86' lang='grc' dir='ltr'><strong><em>μοι</em></strong></span> <span class='ocrx_word' id='word_1_244' title='bbox 1352 2459 1614 2531; x_wconf 81' lang='grc' dir='ltr'><strong><em>ἐγένετο</em></strong></span> <span class='ocrx_word' id='word_1_245' title='bbox 1584 2484 1617 2534; x_wconf 85' lang='grc' dir='ltr'><strong><em>η</em></strong></span> <span class='ocrx_word' id='word_1_246' title='bbox 1640 2483 1760 2533; x_wconf 88' lang='grc' dir='ltr'><strong><em>φω-</em></strong></span> 
     </span>
     <span class='ocr_line' id='line_1_31' title="bbox 79 2541 1759 2617; baseline 0.001 -18"><span class='ocrx_word' id='word_1_247' title='bbox 79 2546 149 2616; x_wconf 78' lang='grc' dir='ltr'><strong><em>νή</em></strong></span> <span class='ocrx_word' id='word_1_248' title='bbox 164 2587 179 2613; x_wconf 86' lang='grc'><strong><em>,</em></strong></span> <span class='ocrx_word' id='word_1_249' title='bbox 198 2546 290 2600; x_wconf 80' lang='grc' dir='ltr'><strong><em>καὶ</em></strong></span> <span class='ocrx_word' id='word_1_250' title='bbox 311 2542 467 2599; x_wconf 81' lang='grc' dir='ltr'><strong><em>εἷπον</em></strong></span> <span class='ocrx_word' id='word_1_251' title='bbox 486 2542 623 2612; x_wconf 78' lang='grc' dir='ltr'><strong><em>πρὸς</em></strong></span> <span class='ocrx_word' id='word_1_252' title='bbox 646 2541 848 2613; x_wconf 77' lang='grc' dir='ltr'><strong><em>αὐτόν,</em></strong></span> <span class='ocrx_word' id='word_1_253' title='bbox 869 2548 1161 2615; x_wconf 82' lang='grc' dir='ltr'><strong><em>μηδαμως,</em></strong></span> <span class='ocrx_word' id='word_1_254' title='bbox 1187 2549 1348 2615; x_wconf 77' lang='grc' dir='ltr'><strong><em>ἔφην,</em></strong></span> <span class='ocrx_word' id='word_1_255' title='bbox 1370 2541 1637 2617; x_wconf 78' lang='grc' dir='ltr'><strong><em>άναστης·</em></strong></span> <span class='ocrx_word' id='word_1_256' title='bbox 1666 2546 1759 2615; x_wconf 77' lang='grc' dir='ltr'><strong><em>γέ-</em></strong></span> 
     </span>
    </p>
   </div>
   <div class='ocr_carea' id='block_1_11' title="bbox 14 2625 1760 2700">
    <p class='ocr_par' dir='ltr' id='par_1_13' title="bbox 14 2625 1760 2700">
     <span class='ocr_line' id='line_1_32' title="bbox 14 2625 1760 2700; baseline 0.001 -18"><span class='ocrx_word' id='word_1_257' title='bbox 14 2666 26 2700; x_wconf 60' lang='lat'><strong><em>⁴.</em></strong></span> <span class='ocrx_word' id='word_1_258' title='bbox 77 2648 210 2697; x_wconf 64' lang='lat' dir='ltr'><strong><em>yon</em></strong></span> <span class='ocrx_word' id='word_1_259' title='bbox 245 2628 353 2697; x_wconf 80' lang='grc' dir='ltr'><strong><em>γάρ</em></strong></span> <span class='ocrx_word' id='word_1_260' title='bbox 389 2649 480 2697; x_wconf 87' lang='grc' dir='ltr'><strong><em>μοι</em></strong></span> <span class='ocrx_word' id='word_1_261' title='bbox 517 2625 578 2682; x_wconf 83' lang='grc' dir='ltr'><strong><em>τὸ</em></strong></span> <span class='ocrx_word' id='word_1_262' title='bbox 619 2627 820 2691; x_wconf 76' lang='grc' dir='ltr'><strong><em>εἰωθός</em></strong></span> <span class='ocrx_word' id='word_1_263' title='bbox 857 2638 1084 2698; x_wconf 80' lang='grc' dir='ltr'><strong><em>σημεῖον</em></strong></span> <span class='ocrx_word' id='word_1_264' title='bbox 1120 2626 1181 2682; x_wconf 84' lang='grc' dir='ltr'><strong><em>τὸ</em></strong></span> <span class='ocrx_word' id='word_1_265' title='bbox 1220 2628 1538 2698; x_wconf 83' lang='grc' dir='ltr'><strong><em>δαιμόνιον·</em></strong></span> <span class='ocrx_word' id='word_1_266' title='bbox 1591 2650 1679 2684; x_wconf 84' lang='grc' dir='ltr'><strong><em>και</em></strong></span> <span class='ocrx_word' id='word_1_267' title='bbox 1700 2650 1760 2693; x_wconf 61' lang='lat'><strong><em>⁰5</em></strong></span> 
     </span>
    </p>
   </div>
   <div class='ocr_carea' id='block_1_12' title="bbox 78 2703 1819 2781">
    <p class='ocr_par' dir='ltr' id='par_1_14' title="bbox 78 2703 1819 2781">
     <span class='ocr_line' id='line_1_33' title="bbox 78 2703 1819 2781; baseline 0.002 -17"><span class='ocrx_word' id='word_1_268' title='bbox 78 2711 280 2779; x_wconf 77' lang='grc' dir='ltr'><strong><em>ἐπέσχε.</em></strong></span> <span class='ocrx_word' id='word_1_269' title='bbox 336 2712 422 2764; x_wconf 75' lang='grc' dir='ltr'><strong><em>καὶ</em></strong></span> <span class='ocrx_word' id='word_1_270' title='bbox 464 2713 731 2765; x_wconf 80' lang='grc' dir='ltr'><strong><em>διαλιπων</em></strong></span> <span class='ocrx_word' id='word_1_271' title='bbox 772 2709 976 2781; x_wconf 86' lang='grc' dir='ltr'><strong><em>χρόνον</em></strong></span> <span class='ocrx_word' id='word_1_272' title='bbox 1013 2703 1182 2774; x_wconf 81' lang='grc' dir='ltr'><strong><em>αὖθις</em></strong></span> <span class='ocrx_word' id='word_1_273' title='bbox 1213 2707 1431 2781; x_wconf 81' lang='grc' dir='ltr'><strong><em>ὡρμᾶτο</em></strong></span> <span class='ocrx_word' id='word_1_274' title='bbox 1462 2712 1627 2781; x_wconf 82' lang='grc' dir='ltr'><strong><em>ἰέναι,</em></strong></span> <span class='ocrx_word' id='word_1_275' title='bbox 1666 2714 1755 2767; x_wconf 82' lang='grc' dir='ltr'><strong><em>καὶ</em></strong></span> <span class='ocrx_word' id='word_1_276' title='bbox 1790 2724 1819 2767; x_wconf 89' lang='lat' dir='ltr'>C</span> 
     </span>
    </p>
   </div>
   <div class='ocr_carea' id='block_1_13' title="bbox 0 2786 1760 2878">
    <p class='ocr_par' dir='ltr' id='par_1_15' title="bbox 0 2786 1760 2878">
     <span class='ocr_line' id='line_1_34' title="bbox 0 2786 1760 2878; baseline 0.002 -32"><span class='ocrx_word' id='word_1_277' title='bbox 0 2837 1 2878; x_wconf 66' lang='lat' dir='ltr'>i</span> <span class='ocrx_word' id='word_1_278' title='bbox 80 2793 215 2861; x_wconf 71' lang='grc' dir='ltr'><strong><em>ἔφη,</em></strong></span> <span class='ocrx_word' id='word_1_279' title='bbox 253 2790 358 2863; x_wconf 80' lang='grc' dir='ltr'><strong><em>εἶμι</em></strong></span> <span class='ocrx_word' id='word_1_280' title='bbox 381 2794 477 2863; x_wconf 77' lang='grc' dir='ltr'><strong><em>δή,</em></strong></span> <span class='ocrx_word' id='word_1_281' title='bbox 515 2792 834 2861; x_wconf 76' lang='grc' dir='ltr'><strong><em>Σώκρατες·</em></strong></span> <span class='ocrx_word' id='word_1_282' title='bbox 884 2787 1053 2859; x_wconf 83' lang='grc' dir='ltr'><strong><em>αὖθις</em></strong></span> <span class='ocrx_word' id='word_1_283' title='bbox 1072 2796 1287 2864; x_wconf 80' lang='grc' dir='ltr'><strong><em>ἐγένετο</em></strong></span> <span class='ocrx_word' id='word_1_284' title='bbox 1311 2790 1341 2862; x_wconf 85' lang='grc' dir='ltr'><strong><em>ἡ</em></strong></span> <span class='ocrx_word' id='word_1_285' title='bbox 1365 2794 1552 2865; x_wconf 81' lang='grc' dir='ltr'><strong><em>φωνή·</em></strong></span> <span class='ocrx_word' id='word_1_286' title='bbox 1592 2786 1760 2860; x_wconf 81' lang='grc' dir='ltr'><strong><em>αὖθις</em></strong></span> 
     </span>
    </p>
   </div>
  </div>
 </body>
</html>
