<?xml version="1.0" encoding="UTF-8"?>
<!DOCTYPE html PUBLIC "-//W3C//DTD XHTML 1.0 Transitional//EN"
    "http://www.w3.org/TR/xhtml1/DTD/xhtml1-transitional.dtd">
<html xmlns="http://www.w3.org/1999/xhtml" xml:lang="en" lang="en">
 <head>
  <title>
</title>
<meta http-equiv="Content-Type" content="text/html;charset=utf-8" />
  <meta name='ocr-system' content='tesseract 3.04.00' />
  <meta name='ocr-capabilities' content='ocr_page ocr_carea ocr_par ocr_line ocrx_word'/>
</head>
<body>
  <div class='ocr_page' id='page_1' title='image "./dialogisecumdumt02platuoft_0178.png"; bbox 0 0 2028 3198; ppageno 0'>
   <div class='ocr_carea' id='block_1_1' title="bbox 330 133 2017 186">
    <p class='ocr_par' dir='ltr' id='par_1_1' title="bbox 330 133 2017 186">
     <span class='ocr_line' id='line_1_1' title="bbox 330 133 2017 186; baseline 0 0"><span class='ocrx_word' id='word_1_1' title='bbox 330 133 430 186; x_wconf 78' lang='lat'><em>148</em></span> <span class='ocrx_word' id='word_1_2' title='bbox 931 133 1404 181; x_wconf 76' lang='grc' dir='ltr'><em>ΠΛΑΤΩΝΟΣ</em></span> <span class='ocrx_word' id='word_1_3' title='bbox 1964 145 2017 186; x_wconf 90' lang='grc'><em>10</em></span> 
     </span>
    </p>
   </div>
   <div class='ocr_carea' id='block_1_2' title="bbox 216 263 2028 2875">
    <p class='ocr_par' dir='ltr' id='par_1_2' title="bbox 325 263 2016 508">
     <span class='ocr_line' id='line_1_2' title="bbox 325 263 2015 338; baseline -0.001 -15"><span class='ocrx_word' id='word_1_4' title='bbox 325 268 529 324; x_wconf 84' lang='grc' dir='ltr'><em>τούτου</em></span> <span class='ocrx_word' id='word_1_5' title='bbox 563 266 621 321; x_wconf 74' lang='grc' dir='ltr'><em>δὲ</em></span> <span class='ocrx_word' id='word_1_6' title='bbox 650 270 743 321; x_wconf 79' lang='grc' dir='ltr'><em>καὶ</em></span> <span class='ocrx_word' id='word_1_7' title='bbox 769 263 803 336; x_wconf 78' lang='grc' dir='ltr'><em>ἡ</em></span> <span class='ocrx_word' id='word_1_8' title='bbox 834 270 1041 320; x_wconf 81' lang='grc' dir='ltr'><strong><em>Πελίου</em></strong></span> <span class='ocrx_word' id='word_1_9' title='bbox 1071 266 1327 335; x_wconf 78' lang='grc' dir='ltr'><em>θυγάτηρ</em></span> <span class='ocrx_word' id='word_1_10' title='bbox 1345 263 1635 335; x_wconf 73' lang='grc' dir='ltr'><em>’Ἄλκηστις</em></span> <span class='ocrx_word' id='word_1_11' title='bbox 1655 265 1856 337; x_wconf 75' lang='grc' dir='ltr'><em>ἱκανὴν</em></span> <span class='ocrx_word' id='word_1_12' title='bbox 1875 290 2015 338; x_wconf 90' lang='grc' dir='ltr'><em>μαρ-</em></span> 
     </span>
     <span class='ocr_line' id='line_1_3' title="bbox 325 342 2014 420; baseline -0.001 -15"><span class='ocrx_word' id='word_1_13' title='bbox 325 356 522 418; x_wconf 85' lang='grc' dir='ltr'><em>τυρίαν</em></span> <span class='ocrx_word' id='word_1_14' title='bbox 541 349 830 418; x_wconf 85' lang='grc' dir='ltr'><em>παρέχεται</em></span> <span class='ocrx_word' id='word_1_15' title='bbox 844 342 990 416; x_wconf 56' lang='grc' dir='ltr'><em>ῗὺπὲρ</em></span> <span class='ocrx_word' id='word_1_16' title='bbox 1007 350 1171 402; x_wconf 85' lang='grc' dir='ltr'><em>τοῦδε</em></span> <span class='ocrx_word' id='word_1_17' title='bbox 1189 353 1292 401; x_wconf 79' lang='grc' dir='ltr'><em>τοῦ</em></span> <span class='ocrx_word' id='word_1_18' title='bbox 1307 342 1574 415; x_wconf 56' lang='grc' dir='ltr'><em>λόγουςέἰς</em></span> <span class='ocrx_word' id='word_1_19' title='bbox 1593 347 2014 420; x_wconf 81' lang='grc' dir='ltr'><em>τούςἝλληνας,</em></span> 
     </span>
     <span class='ocr_line' id='line_1_4' title="bbox 325 426 2016 508; baseline 0.001 -23"><span class='ocrx_word' id='word_1_20' title='bbox 325 430 636 501; x_wconf 69' lang='grc' dir='ltr'><em>«ε’-θελήσασα</em></span> <span class='ocrx_word' id='word_1_21' title='bbox 656 429 799 500; x_wconf 89' lang='grc' dir='ltr'><em>μόνη</em></span> <span class='ocrx_word' id='word_1_22' title='bbox 820 427 960 496; x_wconf 78' lang='grc' dir='ltr'><em>ὑπὲρ</em></span> <span class='ocrx_word' id='word_1_23' title='bbox 980 435 1080 484; x_wconf 86' lang='grc' dir='ltr'><em>τοῦ</em></span> <span class='ocrx_word' id='word_1_24' title='bbox 1113 427 1282 508; x_wconf 50' lang='grc' dir='ltr'><em>αρτῆς</em></span> <span class='ocrx_word' id='word_1_25' title='bbox 1310 426 1515 496; x_wconf 81' lang='grc' dir='ltr'><em>ἀνδρὸς</em></span> <span class='ocrx_word' id='word_1_26' title='bbox 1543 426 1880 499; x_wconf 77' lang='grc' dir='ltr'><em>ἀποθανεῖν,</em></span> <span class='ocrx_word' id='word_1_27' title='bbox 1918 430 2016 486; x_wconf 79' lang='grc' dir='ltr'><em>ὅν-</em></span> 
     </span>
    </p>

    <p class='ocr_par' dir='ltr' id='par_1_3' title="bbox 268 507 2016 748">
     <span class='ocr_line' id='line_1_5' title="bbox 268 507 2016 583; baseline -0.001 -15"><span class='ocrx_word' id='word_1_28' title='bbox 268 529 297 569; x_wconf 87' lang='lat' dir='ltr'>C</span> <span class='ocrx_word' id='word_1_29' title='bbox 327 534 438 567; x_wconf 89' lang='grc' dir='ltr'><em>των</em></span> <span class='ocrx_word' id='word_1_30' title='bbox 477 509 628 583; x_wconf 78' lang='grc' dir='ltr'><em>αὐτῷ</em></span> <span class='ocrx_word' id='word_1_31' title='bbox 658 510 863 579; x_wconf 89' lang='grc' dir='ltr'><em>πατρός</em></span> <span class='ocrx_word' id='word_1_32' title='bbox 903 532 959 565; x_wconf 90' lang='grc' dir='ltr'><em>τε</em></span> <span class='ocrx_word' id='word_1_33' title='bbox 997 512 1087 565; x_wconf 85' lang='grc' dir='ltr'><em>καὶ</em></span> <span class='ocrx_word' id='word_1_34' title='bbox 1124 510 1352 580; x_wconf 88' lang='grc' dir='ltr'><em>μητρός·</em></span> <span class='ocrx_word' id='word_1_35' title='bbox 1395 507 1495 574; x_wconf 76' lang='grc' dir='ltr'><em>οὓς</em></span> <span class='ocrx_word' id='word_1_36' title='bbox 1532 513 1710 581; x_wconf 86' lang='grc' dir='ltr'><em>ἐκείνη</em></span> <span class='ocrx_word' id='word_1_37' title='bbox 1746 518 2016 567; x_wconf 84' lang='grc' dir='ltr'><em>τοσοῦτον</em></span> 
     </span>
     <span class='ocr_line' id='line_1_6' title="bbox 294 590 2015 665; baseline 0 -16"><span class='ocrx_word' id='word_1_38' title='bbox 294 605 304 631; x_wconf 75' lang='lat'><strong><em>&lt;</em></strong></span> <span class='ocrx_word' id='word_1_39' title='bbox 323 592 692 665; x_wconf 75' lang='grc' dir='ltr'><em>ὑπερεβάλετο</em></span> <span class='ocrx_word' id='word_1_40' title='bbox 713 599 779 665; x_wconf 82' lang='grc' dir='ltr'><em>τῇ</em></span> <span class='ocrx_word' id='word_1_41' title='bbox 799 597 955 665; x_wconf 76' lang='grc' dir='ltr'><em>φιλίᾳ</em></span> <span class='ocrx_word' id='word_1_42' title='bbox 977 593 1066 647; x_wconf 78' lang='grc' dir='ltr'><em>διὰ</em></span> <span class='ocrx_word' id='word_1_43' title='bbox 1095 590 1195 647; x_wconf 84' lang='grc' dir='ltr'><em>τὸν</em></span> <span class='ocrx_word' id='word_1_44' title='bbox 1214 596 1387 662; x_wconf 84' lang='grc' dir='ltr'><em>ἔρωτα</em></span> <span class='ocrx_word' id='word_1_45' title='bbox 1401 635 1415 662; x_wconf 97' lang='grc'><em>,</em></span> <span class='ocrx_word' id='word_1_46' title='bbox 1451 591 1591 648; x_wconf 73' lang='grc' dir='ltr'><em>ὥστε</em></span> <span class='ocrx_word' id='word_1_47' title='bbox 1614 591 1893 659; x_wconf 81' lang='grc' dir='ltr'><em>ἀποδεῖξαι</em></span> <span class='ocrx_word' id='word_1_48' title='bbox 1912 592 2015 649; x_wconf 82' lang='grc' dir='ltr'><em>αὐ-</em></span> 
     </span>
     <span class='ocr_line' id='line_1_7' title="bbox 324 673 2011 748; baseline 0.001 -18"><span class='ocrx_word' id='word_1_49' title='bbox 324 673 454 740; x_wconf 76' lang='grc' dir='ltr'><em>τοὺς</em></span> <span class='ocrx_word' id='word_1_50' title='bbox 485 673 808 743; x_wconf 80' lang='grc' dir='ltr'><em>ἀλλοτρίους</em></span> <span class='ocrx_word' id='word_1_51' title='bbox 839 674 1005 739; x_wconf 80' lang='grc' dir='ltr'><em>ὄντας</em></span> <span class='ocrx_word' id='word_1_52' title='bbox 1023 681 1098 748; x_wconf 78' lang='grc' dir='ltr'><em>τῷ</em></span> <span class='ocrx_word' id='word_1_53' title='bbox 1119 678 1229 730; x_wconf 81' lang='grc' dir='ltr'><em>υίεῖ</em></span> <span class='ocrx_word' id='word_1_54' title='bbox 1245 676 1336 730; x_wconf 78' lang='grc' dir='ltr'><em>καὶ</em></span> <span class='ocrx_word' id='word_1_55' title='bbox 1357 673 1586 745; x_wconf 85' lang='grc' dir='ltr'><em>ὀνόματι</em></span> <span class='ocrx_word' id='word_1_56' title='bbox 1604 675 1781 746; x_wconf 88' lang='grc' dir='ltr'><em>μόνον</em></span> <span class='ocrx_word' id='word_1_57' title='bbox 1804 677 2011 748; x_wconf 87' lang='grc' dir='ltr'><em>προσή-</em></span> 
     </span>
    </p>

    <p class='ocr_par' dir='ltr' id='par_1_4' title="bbox 251 755 2014 992">
     <span class='ocr_line' id='line_1_8' title="bbox 251 755 2014 829; baseline 0.001 -17"><span class='ocrx_word' id='word_1_58' title='bbox 251 828 254 829; x_wconf 15' lang='lat'><em>⁷</em></span> <span class='ocrx_word' id='word_1_59' title='bbox 324 778 550 820; x_wconf 82' lang='grc' dir='ltr'><em>κοντας·</em></span> <span class='ocrx_word' id='word_1_60' title='bbox 582 759 674 811; x_wconf 85' lang='grc' dir='ltr'><em>καὶ</em></span> <span class='ocrx_word' id='word_1_61' title='bbox 697 755 850 810; x_wconf 82' lang='grc' dir='ltr'><em>τοῦτ’</em></span> <span class='ocrx_word' id='word_1_62' title='bbox 882 759 1224 828; x_wconf 78' lang='grc' dir='ltr'><em>ἐργασαμένη</em></span> <span class='ocrx_word' id='word_1_63' title='bbox 1256 755 1317 811; x_wconf 84' lang='grc' dir='ltr'><em>τὸ</em></span> <span class='ocrx_word' id='word_1_64' title='bbox 1339 760 1505 825; x_wconf 75' lang='grc' dir='ltr'><em>ἔργον</em></span> <span class='ocrx_word' id='word_1_65' title='bbox 1526 755 1673 811; x_wconf 80' lang='grc' dir='ltr'><em>οὕτω</em></span> <span class='ocrx_word' id='word_1_66' title='bbox 1694 757 1871 813; x_wconf 82' lang='grc' dir='ltr'><em>καλὸν</em></span> <span class='ocrx_word' id='word_1_67' title='bbox 1891 762 2014 814; x_wconf 81' lang='grc' dir='ltr'><em>ἔδο-</em></span> 
     </span>
     <span class='ocr_line' id='line_1_9' title="bbox 326 837 2012 909; baseline 0.001 -14"><span class='ocrx_word' id='word_1_68' title='bbox 326 846 416 906; x_wconf 82' lang='grc' dir='ltr'><em>ξεν</em></span> <span class='ocrx_word' id='word_1_69' title='bbox 433 839 774 908; x_wconf 86' lang='grc' dir='ltr'><em>ἐργάσασθαι</em></span> <span class='ocrx_word' id='word_1_70' title='bbox 796 837 863 893; x_wconf 83' lang='grc' dir='ltr'><em>οὐ</em></span> <span class='ocrx_word' id='word_1_71' title='bbox 879 840 1057 909; x_wconf 87' lang='grc' dir='ltr'><em>μόνον</em></span> <span class='ocrx_word' id='word_1_72' title='bbox 1077 838 1399 907; x_wconf 67' lang='grc' dir='ltr'><em>ἀνθρώποις</em></span> <span class='ocrx_word' id='word_1_73' title='bbox 1416 837 1553 894; x_wconf 84' lang='grc' dir='ltr'><em>ἀλλά</em></span> <span class='ocrx_word' id='word_1_74' title='bbox 1571 841 1661 894; x_wconf 86' lang='grc' dir='ltr'><em>καὶ</em></span> <span class='ocrx_word' id='word_1_75' title='bbox 1680 847 1848 908; x_wconf 89' lang='grc' dir='ltr'><em>θεοῖς,</em></span> <span class='ocrx_word' id='word_1_76' title='bbox 1874 839 2012 896; x_wconf 70' lang='grc' dir='ltr'><em>ὥστε</em></span> 
     </span>
     <span class='ocr_line' id='line_1_10' title="bbox 324 919 2012 992; baseline 0 -15"><span class='ocrx_word' id='word_1_77' title='bbox 324 928 549 977; x_wconf 73' lang='grc' dir='ltr'><em>πολλῶν</em></span> <span class='ocrx_word' id='word_1_78' title='bbox 579 920 754 976; x_wconf 73' lang='grc' dir='ltr'><em>πολλοὶ</em></span> <span class='ocrx_word' id='word_1_79' title='bbox 792 923 883 977; x_wconf 82' lang='grc' dir='ltr'><em>καὶ</em></span> <span class='ocrx_word' id='word_1_80' title='bbox 911 920 1050 977; x_wconf 74' lang='grc' dir='ltr'><em>καλοὶ</em></span> <span class='ocrx_word' id='word_1_81' title='bbox 1084 924 1474 991; x_wconf 81' lang='grc' dir='ltr'><em>ἐργασαμένων</em></span> <span class='ocrx_word' id='word_1_82' title='bbox 1513 919 1906 992; x_wconf 79' lang='grc' dir='ltr'><em>εὐαριθμήτοις</em></span> <span class='ocrx_word' id='word_1_83' title='bbox 1946 923 2012 992; x_wconf 84' lang='grc' dir='ltr'><em>δή</em></span> 
     </span>
    </p>

    <p class='ocr_par' dir='ltr' id='par_1_5' title="bbox 252 1001 2014 1649">
     <span class='ocr_line' id='line_1_11' title="bbox 252 1001 2013 1074; baseline 0 -16"><span class='ocrx_word' id='word_1_84' title='bbox 252 1047 258 1053; x_wconf 43' lang='lat' dir='ltr'>f</span> <span class='ocrx_word' id='word_1_85' title='bbox 324 1020 466 1059; x_wconf 88' lang='grc' dir='ltr'><em>τισιν</em></span> <span class='ocrx_word' id='word_1_86' title='bbox 483 1007 684 1059; x_wconf 75' lang='grc' dir='ltr'><em>ἔδοσαν</em></span> <span class='ocrx_word' id='word_1_87' title='bbox 702 1010 865 1059; x_wconf 82' lang='grc' dir='ltr'><em>τοῦτο</em></span> <span class='ocrx_word' id='word_1_88' title='bbox 889 1007 1050 1074; x_wconf 86' lang='grc' dir='ltr'><em>γέρας</em></span> <span class='ocrx_word' id='word_1_89' title='bbox 1071 1007 1126 1058; x_wconf 78' lang='lat' dir='ltr'><em>oc</em></span> <span class='ocrx_word' id='word_1_90' title='bbox 1142 1009 1292 1074; x_wconf 89' lang='grc' dir='ltr'><em>θεοί,</em></span> <span class='ocrx_word' id='word_1_91' title='bbox 1327 1006 1379 1068; x_wconf 82' lang='grc' dir='ltr'><em>ἐξ</em></span> <span class='ocrx_word' id='word_1_92' title='bbox 1402 1001 1594 1058; x_wconf 63' lang='grc' dir='ltr'><em>’Ἅιδου</em></span> <span class='ocrx_word' id='word_1_93' title='bbox 1614 1002 1828 1059; x_wconf 88' lang='grc' dir='ltr'><em>ἀνεῖναι</em></span> <span class='ocrx_word' id='word_1_94' title='bbox 1847 1004 2013 1059; x_wconf 90' lang='grc' dir='ltr'><em>πάλιν</em></span> 
     </span>
     <span class='ocr_line' id='line_1_12' title="bbox 324 1083 2011 1159; baseline 0 -19"><span class='ocrx_word' id='word_1_95' title='bbox 324 1084 428 1154; x_wconf 77' lang='grc' dir='ltr'><em>τὴν</em></span> <span class='ocrx_word' id='word_1_96' title='bbox 463 1087 672 1157; x_wconf 82' lang='grc' dir='ltr'><em>ψυχήν,</em></span> <span class='ocrx_word' id='word_1_97' title='bbox 727 1083 865 1141; x_wconf 81' lang='grc' dir='ltr'><em>ἀλλά</em></span> <span class='ocrx_word' id='word_1_98' title='bbox 914 1084 1016 1157; x_wconf 85' lang='grc' dir='ltr'><em>τὴν</em></span> <span class='ocrx_word' id='word_1_99' title='bbox 1053 1088 1265 1156; x_wconf 82' lang='grc' dir='ltr'><em>ἐκείνης</em></span> <span class='ocrx_word' id='word_1_100' title='bbox 1304 1083 1530 1141; x_wconf 79' lang='grc' dir='ltr'><em>ἀνεῖσαν</em></span> <span class='ocrx_word' id='word_1_101' title='bbox 1566 1083 1903 1154; x_wconf 83' lang='grc' dir='ltr'><em>ἀγασθέντες</em></span> <span class='ocrx_word' id='word_1_102' title='bbox 1936 1092 2011 1159; x_wconf 80' lang='grc' dir='ltr'><em>τῷ</em></span> 
     </span>
     <span class='ocr_line' id='line_1_13' title="bbox 260 1165 2013 1240; baseline -0.001 -17"><span class='ocrx_word' id='word_1_103' title='bbox 260 1189 295 1228; x_wconf 86' lang='lat' dir='ltr'>D</span> <span class='ocrx_word' id='word_1_104' title='bbox 328 1173 495 1240; x_wconf 75' lang='grc' dir='ltr'><em>ἔργῳ·</em></span> <span class='ocrx_word' id='word_1_105' title='bbox 536 1166 682 1223; x_wconf 78' lang='grc' dir='ltr'><em>οὕτω</em></span> <span class='ocrx_word' id='word_1_106' title='bbox 713 1169 805 1223; x_wconf 86' lang='grc' dir='ltr'><em>καὶ</em></span> <span class='ocrx_word' id='word_1_107' title='bbox 835 1170 959 1223; x_wconf 83' lang='grc' dir='ltr'><em>θεοὶ</em></span> <span class='ocrx_word' id='word_1_108' title='bbox 989 1166 1092 1238; x_wconf 84' lang='grc' dir='ltr'><em>τὴν</em></span> <span class='ocrx_word' id='word_1_109' title='bbox 1122 1169 1244 1233; x_wconf 85' lang='grc' dir='ltr'><em>περὶ</em></span> <span class='ocrx_word' id='word_1_110' title='bbox 1262 1165 1364 1221; x_wconf 77' lang='grc' dir='ltr'><em>τὸν</em></span> <span class='ocrx_word' id='word_1_111' title='bbox 1382 1171 1557 1237; x_wconf 85' lang='grc' dir='ltr'><em>ἔρωτα</em></span> <span class='ocrx_word' id='word_1_112' title='bbox 1577 1166 1828 1237; x_wconf 85' lang='grc' dir='ltr'><em>σπουδήν</em></span> <span class='ocrx_word' id='word_1_113' title='bbox 1846 1189 1903 1223; x_wconf 92' lang='grc' dir='ltr'><em>τε</em></span> <span class='ocrx_word' id='word_1_114' title='bbox 1923 1169 2013 1222; x_wconf 87' lang='grc' dir='ltr'><em>καὶ</em></span> 
     </span>
     <span class='ocr_line' id='line_1_14' title="bbox 317 1246 2012 1320; baseline -0.001 -14"><span class='ocrx_word' id='word_1_115' title='bbox 317 1248 527 1319; x_wconf 78' lang='grc' dir='ltr'><em>ἀρετὴν</em></span> <span class='ocrx_word' id='word_1_116' title='bbox 556 1250 791 1320; x_wconf 89' lang='grc' dir='ltr'><em>μάλιστα</em></span> <span class='ocrx_word' id='word_1_117' title='bbox 820 1255 1064 1320; x_wconf 72' lang='grc' dir='ltr'><em>τιμῶσιν.</em></span> <span class='ocrx_word' id='word_1_118' title='bbox 1114 1247 1314 1318; x_wconf 83' lang='grc' dir='ltr'><em>Ὀρφέα</em></span> <span class='ocrx_word' id='word_1_119' title='bbox 1345 1251 1404 1303; x_wconf 81' lang='grc' dir='ltr'><em>δὲ</em></span> <span class='ocrx_word' id='word_1_120' title='bbox 1431 1246 1531 1304; x_wconf 84' lang='grc' dir='ltr'><em>τὸν</em></span> <span class='ocrx_word' id='word_1_121' title='bbox 1563 1249 1812 1319; x_wconf 77' lang='grc' dir='ltr'><em>Οἰάγρου</em></span> <span class='ocrx_word' id='word_1_122' title='bbox 1849 1246 2012 1319; x_wconf 79' lang='grc' dir='ltr'><em>ἀτελῆ</em></span> 
     </span>
     <span class='ocr_line' id='line_1_15' title="bbox 323 1328 2006 1402; baseline -0.001 -15"><span class='ocrx_word' id='word_1_123' title='bbox 323 1331 654 1402; x_wconf 84' lang='grc' dir='ltr'><em>ἀπέπεμψαν</em></span> <span class='ocrx_word' id='word_1_124' title='bbox 684 1335 737 1398; x_wconf 82' lang='grc' dir='ltr'><em>ἐξ</em></span> <span class='ocrx_word' id='word_1_125' title='bbox 761 1331 979 1400; x_wconf 75' lang='grc' dir='ltr'><em>Ἅιδου,</em></span> <span class='ocrx_word' id='word_1_126' title='bbox 1013 1330 1204 1402; x_wconf 89' lang='grc' dir='ltr'><em>φάσμα</em></span> <span class='ocrx_word' id='word_1_127' title='bbox 1223 1333 1494 1396; x_wconf 78' lang='grc' dir='ltr'><em>δείξαντες</em></span> <span class='ocrx_word' id='word_1_128' title='bbox 1513 1338 1608 1402; x_wconf 79' lang='grc' dir='ltr'><em>τῆς</em></span> <span class='ocrx_word' id='word_1_129' title='bbox 1625 1328 1889 1400; x_wconf 83' lang='grc' dir='ltr'><em>γυναικὸς</em></span> <span class='ocrx_word' id='word_1_130' title='bbox 1916 1329 2006 1400; x_wconf 87' lang='grc' dir='ltr'><em>ἐφ’</em></span> 
     </span>
     <span class='ocr_line' id='line_1_16' title="bbox 322 1407 2012 1485; baseline -0.001 -17"><span class='ocrx_word' id='word_1_131' title='bbox 322 1412 394 1485; x_wconf 79' lang='grc' dir='ltr'><em>ἣν</em></span> <span class='ocrx_word' id='word_1_132' title='bbox 421 1407 586 1484; x_wconf 78' lang='grc' dir='ltr'><em>ἧκεν,</em></span> <span class='ocrx_word' id='word_1_133' title='bbox 626 1412 803 1485; x_wconf 80' lang='grc' dir='ltr'><em>αὐτὴν</em></span> <span class='ocrx_word' id='word_1_134' title='bbox 832 1414 890 1469; x_wconf 74' lang='grc' dir='ltr'><em>δὲ</em></span> <span class='ocrx_word' id='word_1_135' title='bbox 922 1412 988 1468; x_wconf 82' lang='grc' dir='ltr'><em>οὐ</em></span> <span class='ocrx_word' id='word_1_136' title='bbox 1034 1412 1248 1481; x_wconf 90' lang='grc' dir='ltr'><em>δόντες,</em></span> <span class='ocrx_word' id='word_1_137' title='bbox 1290 1410 1373 1467; x_wconf 77' lang='grc' dir='ltr'><em>ὅτι</em></span> <span class='ocrx_word' id='word_1_138' title='bbox 1411 1417 1849 1483; x_wconf 85' lang='grc' dir='ltr'><em>μαλθακίζεσθαι</em></span> <span class='ocrx_word' id='word_1_139' title='bbox 1886 1412 2012 1467; x_wconf 85' lang='grc' dir='ltr'><em>ἐδό-</em></span> 
     </span>
     <span class='ocr_line' id='line_1_17' title="bbox 323 1491 2014 1569; baseline -0.001 -19"><span class='ocrx_word' id='word_1_140' title='bbox 323 1517 435 1566; x_wconf 87' lang='grc' dir='ltr'><em>κει,</em></span> <span class='ocrx_word' id='word_1_141' title='bbox 470 1494 564 1550; x_wconf 77' lang='grc' dir='ltr'><em>ὂὶτε</em></span> <span class='ocrx_word' id='word_1_142' title='bbox 588 1491 666 1550; x_wconf 69' lang='lat' dir='ltr'><em>n&#39;a&#39;v</em></span> <span class='ocrx_word' id='word_1_143' title='bbox 684 1495 1027 1569; x_wconf 79' lang='grc' dir='ltr'><em>κιθαρῳδός,</em></span> <span class='ocrx_word' id='word_1_144' title='bbox 1063 1497 1153 1550; x_wconf 80' lang='grc' dir='ltr'><em>καὶ</em></span> <span class='ocrx_word' id='word_1_145' title='bbox 1182 1494 1249 1549; x_wconf 80' lang='grc' dir='ltr'><em>οὐ</em></span> <span class='ocrx_word' id='word_1_146' title='bbox 1272 1500 1482 1568; x_wconf 82' lang='grc' dir='ltr'><em>τολμᾷν</em></span> <span class='ocrx_word' id='word_1_147' title='bbox 1501 1497 1663 1550; x_wconf 80' lang='grc' dir='ltr'><em>ἕνεκα</em></span> <span class='ocrx_word' id='word_1_148' title='bbox 1683 1500 1786 1549; x_wconf 86' lang='grc' dir='ltr'><em>τοῦ</em></span> <span class='ocrx_word' id='word_1_149' title='bbox 1814 1498 2014 1562; x_wconf 80' lang='grc' dir='ltr'><em>ἔρωτος</em></span> 
     </span>
     <span class='ocr_line' id='line_1_18' title="bbox 323 1575 2012 1649; baseline -0.002 -16"><span class='ocrx_word' id='word_1_150' title='bbox 323 1577 710 1649; x_wconf 85' lang='grc' dir='ltr'><em>ἀποθνήσκειν</em></span> <span class='ocrx_word' id='word_1_151' title='bbox 732 1576 1237 1649; x_wconf 72' lang='grc' dir='ltr'><em>ὥσπερ’Άλκηστις,</em></span> <span class='ocrx_word' id='word_1_152' title='bbox 1277 1575 1416 1632; x_wconf 80' lang='grc' dir='ltr'><em>ἀλλὰ</em></span> <span class='ocrx_word' id='word_1_153' title='bbox 1440 1581 1884 1647; x_wconf 79' lang='grc' dir='ltr'><em>διαμηχανᾶσθαι</em></span> <span class='ocrx_word' id='word_1_154' title='bbox 1904 1581 2012 1641; x_wconf 81' lang='grc' dir='ltr'><em>ζῶν</em></span> 
     </span>
    </p>

    <p class='ocr_par' dir='ltr' id='par_1_6' title="bbox 216 1655 2028 2794">
     <span class='ocr_line' id='line_1_19' title="bbox 277 1655 2013 1731; baseline -0.003 -15"><span class='ocrx_word' id='word_1_155' title='bbox 277 1684 279 1686; x_wconf 70' lang='grc'>’</span> <span class='ocrx_word' id='word_1_156' title='bbox 325 1663 548 1716; x_wconf 82' lang='grc' dir='ltr'><em>εἰσιέναι</em></span> <span class='ocrx_word' id='word_1_157' title='bbox 579 1665 654 1725; x_wconf 84' lang='grc' dir='ltr'><em>εἰς</em></span> <span class='ocrx_word' id='word_1_158' title='bbox 678 1660 885 1716; x_wconf 66' lang='grc' dir='ltr'><em>’Ἅιδου</em></span> <span class='ocrx_word' id='word_1_159' title='bbox 927 1661 1204 1731; x_wconf 73' lang='grc' dir='ltr'><em>τοιγάρτοι</em></span> <span class='ocrx_word' id='word_1_160' title='bbox 1235 1658 1323 1714; x_wconf 74' lang='grc' dir='ltr'><em>διὰ</em></span> <span class='ocrx_word' id='word_1_161' title='bbox 1342 1666 1514 1714; x_wconf 85' lang='grc' dir='ltr'><em>ταῦτα</em></span> <span class='ocrx_word' id='word_1_162' title='bbox 1534 1663 1693 1728; x_wconf 89' lang='grc' dir='ltr'><em>δίκην</em></span> <span class='ocrx_word' id='word_1_163' title='bbox 1715 1655 1865 1730; x_wconf 79' lang='grc' dir='ltr'><em>αὐτῷ</em></span> <span class='ocrx_word' id='word_1_164' title='bbox 1887 1659 2013 1712; x_wconf 85' lang='grc' dir='ltr'><em>ἐπέ-</em></span> 
     </span>
     <span class='ocr_line' id='line_1_20' title="bbox 267 1736 2013 1813; baseline -0.003 -15"><span class='ocrx_word' id='word_1_165' title='bbox 267 1760 298 1798; x_wconf 74' lang='lat' dir='ltr'>E</span> <span class='ocrx_word' id='word_1_166' title='bbox 330 1751 535 1812; x_wconf 87' lang='grc' dir='ltr'><em>θεσαν,</em></span> <span class='ocrx_word' id='word_1_167' title='bbox 575 1745 664 1798; x_wconf 84' lang='grc' dir='ltr'><em>καὶ</em></span> <span class='ocrx_word' id='word_1_168' title='bbox 696 1745 959 1813; x_wconf 85' lang='grc' dir='ltr'><em>ἐποίησαν</em></span> <span class='ocrx_word' id='word_1_169' title='bbox 988 1741 1088 1797; x_wconf 81' lang='grc' dir='ltr'><em>τὸν</em></span> <span class='ocrx_word' id='word_1_170' title='bbox 1117 1742 1370 1797; x_wconf 88' lang='grc' dir='ltr'><em>θάνατον</em></span> <span class='ocrx_word' id='word_1_171' title='bbox 1397 1738 1570 1794; x_wconf 84' lang='grc' dir='ltr'><em>αὐτοῦ</em></span> <span class='ocrx_word' id='word_1_172' title='bbox 1601 1736 1708 1794; x_wconf 81' lang='grc' dir='ltr'><em>ὑπὸ</em></span> <span class='ocrx_word' id='word_1_173' title='bbox 1731 1745 2013 1809; x_wconf 74' lang='grc' dir='ltr'><em>γυναικῶν</em></span> 
     </span>
     <span class='ocr_line' id='line_1_21' title="bbox 325 1821 2014 1895; baseline -0.001 -17"><span class='ocrx_word' id='word_1_174' title='bbox 325 1827 605 1894; x_wconf 86' lang='grc' dir='ltr'><em>γενέσθαι,</em></span> <span class='ocrx_word' id='word_1_175' title='bbox 627 1823 727 1894; x_wconf 80' lang='grc' dir='ltr'><em>οὐχ</em></span> <span class='ocrx_word' id='word_1_176' title='bbox 748 1823 932 1892; x_wconf 69' lang='grc' dir='ltr'><em>ὥσπερ</em></span> <span class='ocrx_word' id='word_1_177' title='bbox 952 1821 1192 1895; x_wconf 83' lang='grc' dir='ltr'><em>Ἀχιλλέα</em></span> <span class='ocrx_word' id='word_1_178' title='bbox 1211 1823 1311 1879; x_wconf 82' lang='grc' dir='ltr'><em>τὸν</em></span> <span class='ocrx_word' id='word_1_179' title='bbox 1332 1830 1425 1894; x_wconf 82' lang='grc' dir='ltr'><em>τῆς</em></span> <span class='ocrx_word' id='word_1_180' title='bbox 1443 1826 1665 1887; x_wconf 83' lang='grc' dir='ltr'><em>Θέτιδος</em></span> <span class='ocrx_word' id='word_1_181' title='bbox 1683 1823 1810 1876; x_wconf 74' lang='grc' dir='ltr'><em>υἱὸν</em></span> <span class='ocrx_word' id='word_1_182' title='bbox 1829 1825 2014 1892; x_wconf 83' lang='grc' dir='ltr'><em>ἐτίμη-</em></span> 
     </span>
     <span class='ocr_line' id='line_1_22' title="bbox 327 1904 2014 1976; baseline -0.001 -16"><span class='ocrx_word' id='word_1_183' title='bbox 327 1922 432 1960; x_wconf 90' lang='grc' dir='ltr'><em>σαν</em></span> <span class='ocrx_word' id='word_1_184' title='bbox 455 1906 546 1959; x_wconf 86' lang='grc' dir='ltr'><em>καὶ</em></span> <span class='ocrx_word' id='word_1_185' title='bbox 566 1909 642 1969; x_wconf 82' lang='grc' dir='ltr'><em>εἰς</em></span> <span class='ocrx_word' id='word_1_186' title='bbox 669 1906 937 1975; x_wconf 80' lang='grc' dir='ltr'><em>μακάρων</em></span> <span class='ocrx_word' id='word_1_187' title='bbox 958 1907 1165 1976; x_wconf 82' lang='grc' dir='ltr'><em>νήσους</em></span> <span class='ocrx_word' id='word_1_188' title='bbox 1185 1904 1542 1974; x_wconf 83' lang='grc' dir='ltr'><em>ἀπέπεμψαν,</em></span> <span class='ocrx_word' id='word_1_189' title='bbox 1564 1904 1649 1959; x_wconf 78' lang='grc' dir='ltr'><em>ὅτι</em></span> <span class='ocrx_word' id='word_1_190' title='bbox 1667 1905 2014 1974; x_wconf 89' lang='grc' dir='ltr'><em>πεπυσμένος</em></span> 
     </span>
     <span class='ocr_line' id='line_1_23' title="bbox 326 1983 2013 2057; baseline -0.002 -16"><span class='ocrx_word' id='word_1_191' title='bbox 326 1985 475 2055; x_wconf 80' lang='grc' dir='ltr'><em>παρὰ</em></span> <span class='ocrx_word' id='word_1_192' title='bbox 497 1993 592 2057; x_wconf 84' lang='grc' dir='ltr'><em>τῆς</em></span> <span class='ocrx_word' id='word_1_193' title='bbox 612 1985 814 2057; x_wconf 84' lang='grc' dir='ltr'><em>μητρὸς</em></span> <span class='ocrx_word' id='word_1_194' title='bbox 836 1984 908 2050; x_wconf 76' lang='grc' dir='ltr'><em>ὡς</em></span> <span class='ocrx_word' id='word_1_195' title='bbox 928 1985 1264 2042; x_wconf 86' lang='grc' dir='ltr'><em>ἀποθανοῖτο</em></span> <span class='ocrx_word' id='word_1_196' title='bbox 1286 1984 1612 2050; x_wconf 85' lang='grc' dir='ltr'><em>ἀποκτείνας</em></span> <span class='ocrx_word' id='word_1_197' title='bbox 1638 1985 1900 2055; x_wconf 56' lang='grc' dir='ltr'><em>Ἕκτορα,</em></span> <span class='ocrx_word' id='word_1_198' title='bbox 1940 1983 2013 2054; x_wconf 83' lang='grc' dir='ltr'><em>μὴ</em></span> 
     </span>
     <span class='ocr_line' id='line_1_24' title="bbox 326 2064 2012 2136; baseline -0.002 -14"><span class='ocrx_word' id='word_1_199' title='bbox 326 2067 650 2133; x_wconf 86' lang='grc' dir='ltr'><em>ἀποκτείνας</em></span> <span class='ocrx_word' id='word_1_200' title='bbox 678 2068 736 2123; x_wconf 73' lang='grc' dir='ltr'><em>δὲ</em></span> <span class='ocrx_word' id='word_1_201' title='bbox 764 2075 963 2123; x_wconf 82' lang='grc' dir='ltr'><em>τοῦτον</em></span> <span class='ocrx_word' id='word_1_202' title='bbox 994 2066 1175 2122; x_wconf 77' lang='grc' dir='ltr'><em>οἴκαδ’</em></span> <span class='ocrx_word' id='word_1_203' title='bbox 1205 2065 1392 2122; x_wconf 73' lang='grc' dir='ltr'><em>ἐλθών</em></span> <span class='ocrx_word' id='word_1_204' title='bbox 1422 2064 1649 2136; x_wconf 85' lang='grc' dir='ltr'><em>γηραιὸς</em></span> <span class='ocrx_word' id='word_1_205' title='bbox 1679 2065 2012 2135; x_wconf 81' lang='grc' dir='ltr'><em>τελευτήσοι,</em></span> 
     </span>
     <span class='ocr_line' id='line_1_25' title="bbox 326 2147 2011 2222; baseline -0.002 -17"><span class='ocrx_word' id='word_1_206' title='bbox 326 2149 625 2221; x_wconf 89' lang='grc' dir='ltr'><em>ἐτόλμησεν</em></span> <span class='ocrx_word' id='word_1_207' title='bbox 657 2151 880 2204; x_wconf 80' lang='grc' dir='ltr'><em>ἑλέσθαι</em></span> <span class='ocrx_word' id='word_1_208' title='bbox 920 2149 1206 2220; x_wconf 88' lang='grc' dir='ltr'><em>βοηθήσας</em></span> <span class='ocrx_word' id='word_1_209' title='bbox 1244 2154 1316 2222; x_wconf 75' lang='grc' dir='ltr'><em>τῷ</em></span> <span class='ocrx_word' id='word_1_210' title='bbox 1354 2151 1555 2221; x_wconf 82' lang='grc' dir='ltr'><em>ἐραστῇ</em></span> <span class='ocrx_word' id='word_1_211' title='bbox 1583 2147 1890 2220; x_wconf 76' lang='grc' dir='ltr'><em>Πατρόκλῳ</em></span> <span class='ocrx_word' id='word_1_212' title='bbox 1920 2147 2011 2201; x_wconf 85' lang='grc' dir='ltr'><em>καὶ</em></span> 
     </span>
     <span class='ocr_line' id='line_1_26' title="bbox 216 2228 2015 2302; baseline -0.004 -12"><span class='ocrx_word' id='word_1_213' title='bbox 216 2245 299 2290; x_wconf 87' lang='grc'><em>180</em></span> <span class='ocrx_word' id='word_1_214' title='bbox 327 2230 638 2302; x_wconf 84' lang='grc' dir='ltr'><em>τιμωρήσας</em></span> <span class='ocrx_word' id='word_1_215' title='bbox 668 2230 735 2286; x_wconf 78' lang='grc' dir='ltr'><em>οὐ</em></span> <span class='ocrx_word' id='word_1_216' title='bbox 765 2232 944 2302; x_wconf 89' lang='grc' dir='ltr'><em>μόνον</em></span> <span class='ocrx_word' id='word_1_217' title='bbox 975 2228 1427 2299; x_wconf 83' lang='grc' dir='ltr'><em>ὑπεραποθανεῖν</em></span> <span class='ocrx_word' id='word_1_218' title='bbox 1457 2228 1597 2285; x_wconf 79' lang='grc' dir='ltr'><em>ἀλλὰ</em></span> <span class='ocrx_word' id='word_1_219' title='bbox 1617 2231 1707 2284; x_wconf 86' lang='grc' dir='ltr'><em>καὶ</em></span> <span class='ocrx_word' id='word_1_220' title='bbox 1727 2233 2015 2284; x_wconf 83' lang='grc' dir='ltr'><em>ἐπαποθα-</em></span> 
     </span>
     <span class='ocr_line' id='line_1_27' title="bbox 330 2308 2015 2384; baseline -0.001 -17"><span class='ocrx_word' id='word_1_221' title='bbox 330 2324 447 2367; x_wconf 83' lang='grc' dir='ltr'><em>νεῖν</em></span> <span class='ocrx_word' id='word_1_222' title='bbox 466 2313 897 2384; x_wconf 86' lang='grc' dir='ltr'><em>τετελευτηκότι·</em></span> <span class='ocrx_word' id='word_1_223' title='bbox 931 2312 1072 2368; x_wconf 78' lang='grc' dir='ltr'><em>ὅθεν</em></span> <span class='ocrx_word' id='word_1_224' title='bbox 1103 2310 1168 2382; x_wconf 86' lang='grc' dir='ltr'><em>δὴ</em></span> <span class='ocrx_word' id='word_1_225' title='bbox 1197 2313 1288 2367; x_wconf 86' lang='grc' dir='ltr'><em>καὶ</em></span> <span class='ocrx_word' id='word_1_226' title='bbox 1317 2308 1799 2381; x_wconf 78' lang='grc' dir='ltr'><em>ὑπεραγασθέντες</em></span> <span class='ocrx_word' id='word_1_227' title='bbox 1819 2312 1874 2364; x_wconf 76' lang='grc' dir='ltr'><em>οἵ</em></span> <span class='ocrx_word' id='word_1_228' title='bbox 1890 2311 2015 2365; x_wconf 82' lang='grc' dir='ltr'><em>θεοὶ</em></span> 
     </span>
     <span class='ocr_line' id='line_1_28' title="bbox 330 2390 2015 2467; baseline -0.004 -17"><span class='ocrx_word' id='word_1_229' title='bbox 330 2396 705 2464; x_wconf 86' lang='grc' dir='ltr'><em>διαφερόντως</em></span> <span class='ocrx_word' id='word_1_230' title='bbox 727 2393 901 2451; x_wconf 81' lang='grc' dir='ltr'><em>αὐτὸν</em></span> <span class='ocrx_word' id='word_1_231' title='bbox 923 2398 1209 2467; x_wconf 87' lang='grc' dir='ltr'><em>ἐτίμησαν,</em></span> <span class='ocrx_word' id='word_1_232' title='bbox 1241 2393 1325 2448; x_wconf 76' lang='grc' dir='ltr'><em>ὅτι</em></span> <span class='ocrx_word' id='word_1_233' title='bbox 1343 2391 1442 2448; x_wconf 82' lang='grc' dir='ltr'><em>τὸν</em></span> <span class='ocrx_word' id='word_1_234' title='bbox 1461 2390 1698 2463; x_wconf 84' lang='grc' dir='ltr'><em>ἐραστὴν</em></span> <span class='ocrx_word' id='word_1_235' title='bbox 1723 2392 1868 2447; x_wconf 81' lang='grc' dir='ltr'><em>οὕτω</em></span> <span class='ocrx_word' id='word_1_236' title='bbox 1891 2394 2015 2458; x_wconf 82' lang='grc' dir='ltr'><em>περὶ</em></span> 
     </span>
     <span class='ocr_line' id='line_1_29' title="bbox 329 2471 2014 2549; baseline -0.002 -19"><span class='ocrx_word' id='word_1_237' title='bbox 329 2483 540 2531; x_wconf 85' lang='grc' dir='ltr'><em>πολλοῦ</em></span> <span class='ocrx_word' id='word_1_238' title='bbox 571 2480 820 2534; x_wconf 88' lang='grc' dir='ltr'><em>ἐποιεῖτο.</em></span> <span class='ocrx_word' id='word_1_239' title='bbox 878 2479 1152 2549; x_wconf 82' lang='grc' dir='ltr'><em>Αἰσχύλος</em></span> <span class='ocrx_word' id='word_1_240' title='bbox 1183 2478 1241 2532; x_wconf 74' lang='grc' dir='ltr'><em>δὲ</em></span> <span class='ocrx_word' id='word_1_241' title='bbox 1270 2482 1512 2546; x_wconf 90' lang='grc' dir='ltr'><em>φλυαρεῖ</em></span> <span class='ocrx_word' id='word_1_242' title='bbox 1527 2475 1759 2545; x_wconf 88' lang='grc' dir='ltr'><em>φάσκων</em></span> <span class='ocrx_word' id='word_1_243' title='bbox 1775 2471 2014 2542; x_wconf 85' lang='grc' dir='ltr'><em>Ἀχιλλέα</em></span> 
     </span>
     <span class='ocr_line' id='line_1_30' title="bbox 327 2554 2014 2632; baseline -0.004 -19"><span class='ocrx_word' id='word_1_244' title='bbox 327 2558 660 2627; x_wconf 86' lang='grc' dir='ltr'><em>Πατρόκλου</em></span> <span class='ocrx_word' id='word_1_245' title='bbox 691 2562 851 2632; x_wconf 77' lang='grc' dir='ltr'><em>ἐρᾷν,</em></span> <span class='ocrx_word' id='word_1_246' title='bbox 891 2556 950 2624; x_wconf 84' lang='grc' dir='ltr'><em>ὃς</em></span> <span class='ocrx_word' id='word_1_247' title='bbox 976 2554 1047 2630; x_wconf 77' lang='grc' dir='ltr'><em>ἦν</em></span> <span class='ocrx_word' id='word_1_248' title='bbox 1086 2563 1331 2614; x_wconf 87' lang='grc' dir='ltr'><em>καλλίων</em></span> <span class='ocrx_word' id='word_1_249' title='bbox 1366 2555 1434 2611; x_wconf 80' lang='grc' dir='ltr'><em>οὐ</em></span> <span class='ocrx_word' id='word_1_250' title='bbox 1471 2556 1649 2626; x_wconf 89' lang='grc' dir='ltr'><em>μόνον</em></span> <span class='ocrx_word' id='word_1_251' title='bbox 1684 2554 2014 2622; x_wconf 87' lang='grc' dir='ltr'><em>Πατρόκλου</em></span> 
     </span>
     <span class='ocr_line' id='line_1_31' title="bbox 329 2637 2028 2711; baseline -0.004 -15"><span class='ocrx_word' id='word_1_252' title='bbox 329 2638 469 2696; x_wconf 81' lang='grc' dir='ltr'><em>ἀλλὰ</em></span> <span class='ocrx_word' id='word_1_253' title='bbox 491 2642 581 2696; x_wconf 85' lang='grc' dir='ltr'><em>καὶ</em></span> <span class='ocrx_word' id='word_1_254' title='bbox 602 2647 714 2695; x_wconf 75' lang='grc' dir='ltr'><em>τοῦν</em></span> <span class='ocrx_word' id='word_1_255' title='bbox 734 2640 934 2711; x_wconf 77' lang='grc' dir='ltr'><em>ἡρώων</em></span> <span class='ocrx_word' id='word_1_256' title='bbox 965 2640 1255 2710; x_wconf 78' lang='grc' dir='ltr'><em>ἁπάντων,</em></span> <span class='ocrx_word' id='word_1_257' title='bbox 1297 2642 1388 2696; x_wconf 84' lang='grc' dir='ltr'><em>καὶ</em></span> <span class='ocrx_word' id='word_1_258' title='bbox 1416 2643 1493 2694; x_wconf 81' lang='grc' dir='ltr'><em>ἔτι</em></span> <span class='ocrx_word' id='word_1_259' title='bbox 1522 2637 1791 2708; x_wconf 87' lang='grc' dir='ltr'><em>ἀγένειος,</em></span> <span class='ocrx_word' id='word_1_260' title='bbox 1832 2641 2028 2695; x_wconf 65' lang='grc' dir='ltr'><em>ἔπειτα,</em></span> 
     </span>
     <span class='ocr_line' id='line_1_32' title="bbox 332 2716 2028 2794; baseline -0.003 -19"><span class='ocrx_word' id='word_1_261' title='bbox 332 2723 602 2791; x_wconf 52' lang='grc' dir='ltr'><em>νεώτερος</em></span> <span class='ocrx_word' id='word_1_262' title='bbox 620 2723 792 2793; x_wconf 83' lang='grc' dir='ltr'><em>πολύ,</em></span> <span class='ocrx_word' id='word_1_263' title='bbox 816 2722 890 2787; x_wconf 72' lang='grc' dir='ltr'><em>ὥς</em></span> <span class='ocrx_word' id='word_1_264' title='bbox 911 2741 1083 2794; x_wconf 88' lang='grc' dir='ltr'><em>φησιν</em></span> <span class='ocrx_word' id='word_1_265' title='bbox 1105 2722 1359 2793; x_wconf 84' lang='grc' dir='ltr'><em>Ὅμηρος.</em></span> <span class='ocrx_word' id='word_1_266' title='bbox 1385 2719 1522 2775; x_wconf 80' lang='grc' dir='ltr'><em>ἀλλὰ</em></span> <span class='ocrx_word' id='word_1_267' title='bbox 1542 2718 1648 2789; x_wconf 84' lang='grc' dir='ltr'><em>γάρ</em></span> <span class='ocrx_word' id='word_1_268' title='bbox 1673 2723 1746 2788; x_wconf 77' lang='grc' dir='ltr'><em>τῷ</em></span> <span class='ocrx_word' id='word_1_269' title='bbox 1769 2716 1887 2772; x_wconf 78' lang='grc' dir='ltr'><em>ὄντι</em></span> <span class='ocrx_word' id='word_1_270' title='bbox 1907 2718 2028 2786; x_wconf 60' lang='grc' dir='ltr'><em>μά-ξ</em></span> 
     </span>
    </p>

    <p class='ocr_par' dir='ltr' id='par_1_7' title="bbox 271 2794 2028 2875">
     <span class='ocr_line' id='line_1_33' title="bbox 271 2794 2028 2875; baseline -0.002 -18"><span class='ocrx_word' id='word_1_271' title='bbox 271 2816 303 2857; x_wconf 82' lang='lat' dir='ltr'>B</span> <span class='ocrx_word' id='word_1_272' title='bbox 330 2810 487 2859; x_wconf 86' lang='grc' dir='ltr'><em>λιστα</em></span> <span class='ocrx_word' id='word_1_273' title='bbox 508 2805 608 2874; x_wconf 76' lang='grc' dir='ltr'><em>μὲν</em></span> <span class='ocrx_word' id='word_1_274' title='bbox 639 2804 849 2875; x_wconf 84' lang='grc' dir='ltr'><em>ταύτην</em></span> <span class='ocrx_word' id='word_1_275' title='bbox 866 2802 970 2875; x_wconf 81' lang='grc' dir='ltr'><em>τὴν</em></span> <span class='ocrx_word' id='word_1_276' title='bbox 990 2803 1193 2873; x_wconf 79' lang='grc' dir='ltr'><em>ἀρετήν</em></span> <span class='ocrx_word' id='word_1_277' title='bbox 1214 2807 1271 2858; x_wconf 75' lang='grc' dir='ltr'><em>οἱ</em></span> <span class='ocrx_word' id='word_1_278' title='bbox 1296 2805 1418 2856; x_wconf 83' lang='grc' dir='ltr'><em>θεοὶ</em></span> <span class='ocrx_word' id='word_1_279' title='bbox 1437 2805 1629 2870; x_wconf 73' lang='grc' dir='ltr'><em>τιμῶσι</em></span> <span class='ocrx_word' id='word_1_280' title='bbox 1648 2795 1752 2867; x_wconf 83' lang='grc' dir='ltr'><em>τὴν</em></span> <span class='ocrx_word' id='word_1_281' title='bbox 1772 2799 1891 2865; x_wconf 84' lang='grc' dir='ltr'><em>περὶ</em></span> <span class='ocrx_word' id='word_1_282' title='bbox 1913 2794 2028 2867; x_wconf 53' lang='grc' dir='ltr'><em>τὸνξ</em></span> 
     </span>
    </p>
   </div>
  </div>
 </body>
</html>
