2028 3198
232 2516 266 2556 F)

294 171 396 225 112
891 170 1368 220 ΠΛΑΤΩΝΟΣ

432 311 602 361 ΠΡΩ.
656 304 878 374 Ἀληθῆ.

431 390 554 440 ΣΩ.
615 385 841 454 Μηνύει
871 382 937 454 δὴ
963 389 1069 437 νῦν
1088 381 1116 437 ὁ
1138 382 1302 453 λόγος
1321 380 1452 454 ἡμῖν
1470 387 1533 439 έν
1550 386 1785 456 θρήνοις
1802 410 1858 442 τε
1878 390 1966 444 καὶ

292 469 353 522 έν
382 468 733 537 τραγῳδίαις,
771 463 842 534 μὴ
875 475 988 527 τοῖς
1015 463 1254 533 δράμασι
1283 465 1460 534 μόνον
1479 462 1616 520 ἀλλὰ
1639 473 1705 538 τῇ
1723 473 1822 522 τοῦ
1842 473 1967 538 βίου

294 545 549 618 ξυμπάσῃ
577 548 855 618 τραγῳδίᾳ
874 547 965 600 καὶ
984 549 1269 618 κωμῳδίᾳ,
1306 545 1485 610 λύπας
1502 544 1725 617 ἡδοναῖς
1744 547 1855 618 ἅμα
1875 571 1969 603 κε-

294 629 637 699 ράννυσθαι,
657 630 829 683 καὶέν
847 625 1032 691 ἄλλοις
1052 625 1118 698 δὴ
1139 632 1368 697 μυρίοις.

433 714 603 764 ΠΡῼ.
653 706 957 764 Ἀδύνατον
975 707 1048 780 μὴ
1069 706 1357 778 ὁμολογεῖν
1377 716 1574 778 ταῦτα,
1597 704 1641 764 ὦ
1658 711 1965 781 Σώκρατες,

296 796 344 846 εἰ
363 797 456 845 καί
471 811 551 854 τις
569 796 875 859 φιλονεικοῖ
890 790 1039 845 πάνυ
1059 787 1196 859 πρὸς
1215 788 1489 844 τάναντία.

434 877 592 928 XXX.
667 878 791 927 Σῼ.
843 870 1041 975 Ὀργὴν
1071 870 1180 942 μὴν
1208 874 1298 927 καὶ
1329 873 1514 926 πόθον
1532 874 1623 928 καὶ
1642 879 1861 944 θρῆνον
1881 875 1968 928 καὶ

296 954 480 1051 φόβον
508 956 599 1008 καὶ
631 958 804 1023 ἔρωτα
834 955 924 1009 καὶ
955 958 1117 1023 ζῆλον
1147 955 1236 1008 καὶ
1255 954 1481 1023 φθόνον
1498 953 1863 1024 προύθέμεθα
1881 957 1970 1010 καὶ

297 1032 475 1089 ὁπόσα
494 1042 744 1104 τοιαῦτα,
766 1038 826 1089 ἐν
845 1031 925 1098 οἷς
942 1039 1153 1104 ἔφαμεν
1173 1032 1428 1105 εὑρήσειν
1448 1035 1757 1104 μιγνύμενα
1775 1057 1839 1089 τα
1863 1042 1967 1089 νῦν

295 1115 557 1181 πολλάκις
575 1116 856 1186 λεγόμενα.
895 1118 928 1186 ή
951 1115 1082 1184 γάρ·
1072 1157 1084 1178 ,

433 1203 604 1253 ΠΡΩ.
655 1202 782 1252 Ναί

433 1284 558 1335 ΣΩ.
599 1279 990 1349 Μανθάνομεν
1011 1272 1132 1346 οὖν,
1153 1276 1236 1332 ὅτι
1253 1278 1475 1348 θρήνου
1494 1281 1617 1346 πέρι
1635 1282 1722 1332 καὶ
1746 1279 1970 1348 φθόνου

295 1363 382 1416 καὶ
411 1359 579 1431 ὀργῆς
597 1363 777 1415 πάντα
798 1362 908 1415 ἐστὶ
926 1358 992 1414 τὰ
1014 1366 1123 1414 νῦν
1146 1358 1211 1429 δὴ
1233 1362 1701 1429 διαπερανθέντα;

434 1447 602 1496 ΠΡΩ.
661 1447 790 1506 Πῶς
808 1441 915 1513 γὰρ
936 1439 1004 1497 οὐ
1023 1442 1411 1511 μανθάνομεν;

434 1529 560 1579 ΣΩ.
618 1519 848 1579 Οὐκοῦν
866 1522 1040 1579 πολλοὶ
1062 1527 1138 1578 ἔτι
1158 1522 1223 1578 τὰ
1242 1525 1433 1589 λοιπάς

436 1610 608 1660 ΠΡΩ.
665 1608 774 1660 Καὶ
794 1605 946 1660 πάνυ
963 1628 1039 1676 γε.

434 1693 558 1742 ΣΩ.
611 1685 722 1742 Διά
756 1686 821 1758 δὴ
856 1693 910 1741 τί
934 1686 1164 1757 μάλισθ’
1188 1686 1595 1758 ὑπολαμβάνεις
1614 1710 1678 1758 με
1701 1692 1868 1753 δεῖξαί
1887 1705 1973 1742 σοι

294 1767 394 1838 τὴν
411 1772 469 1823 έν
488 1775 552 1840 τῇ
572 1773 832 1841 κωμῳδία
851 1774 1023 1839 μῖξιν;
1044 1764 1135 1839 ἆρ’
1161 1770 1229 1824 οὐ
1248 1774 1476 1834 πίστεως
1494 1770 1671 1839 χάριν,
1692 1769 1775 1825 ὅτι
1793 1769 1895 1840 τήν
1912 1790 1973 1838 γε

296 1854 357 1906 ἐν
390 1863 501 1914 τοῖς
537 1851 733 1921 φόβοις
762 1853 852 1905 καὶ
883 1856 1048 1919 ε”ρωσι
1076 1853 1166 1905 καὶ
1194 1863 1306 1914 τοῖς
1335 1850 1518 1915 ἄλλοις
1548 1851 1743 1924 ῥᾴδιον
1775 1859 1973 1921 κρᾶσιν

295 1936 556 1997 ἐπιδεῖξαι
572 1953 582 1962 ·
621 1932 863 2002 λαβόντα
894 1935 953 1986 δὲ
983 1938 1146 1985 τοῦτο
1169 1930 1317 2000 παρὰ
1339 1939 1525 2004 σαυτῷ
1544 1931 1771 2001 ἀφεῖναί
1783 1954 1848 2002 με
1868 1954 1973 2002 μη-

294 2018 408 2070 κέτι
442 2011 527 2069 ἐπ’
569 2016 755 2068 ἐκεῖνα
789 2014 946 2068 ἰόντα
985 2017 1101 2067 δεῖν
1129 2012 1398 2082 μηκύνειν
1425 2010 1555 2076 τους
1582 2014 1783 2081 λόγους
1798 2055 1811 2081 ,
1851 2011 1967 2067 ἀλλ’

295 2095 483 2159 ἁπλως
512 2100 702 2166 λαβεῖν
730 2101 921 2164 τοῦτο,
961 2092 1046 2148 ὅτι
1074 2094 1165 2148 καὶ
1187 2098 1343 2162 σῶμα
1363 2092 1500 2147 άνευ
1519 2100 1695 2163 ψυχῆς
1713 2095 1802 2149 καὶ
1822 2093 1966 2163 ψυχὴ

297 2177 434 2233 α’νευ
464 2177 715 2247 σώματος
743 2178 834 2231 καὶ
862 2181 1021 2247 κοινῇ
1053 2172 1168 2245 μετ’
1204 2173 1457 2244 ἀλλήλων
1475 2177 1537 2230 ἐν
1555 2187 1667 2239 τοῖς
1686 2175 1972 2245 παθήμασι

296 2259 466 2329 μεστά
500 2261 613 2314 ε’στι
635 2259 1079 2328 συγκεκραμένης
1097 2254 1301 2327 ἡδονῆς
1320 2257 1543 2323 λύπαις;
1584 2264 1693 2314 νῦν
1713 2261 1817 2313 οὐν
1835 2264 1954 2329 λέγε
1958 2302 1972 2328 ‚

297 2339 502 2410 πότερα
531 2338 698 2410 αφίης
725 2361 791 2409 με
810 2336 846 2410 ἢ
866 2343 1034 2410 μέσας
1050 2339 1297 2409 ποιήσεις
1314 2339 1542 2404 νύκτας;
1581 2339 1750 2395 εἰπών
1770 2344 1827 2396 δὲ
1849 2358 1974 2410 σμι-

298 2419 401 2487 κροὶ
430 2419 582 2489 οἶμαί
597 2437 701 2475 σου
719 2421 1012 2486 τεύξεσθαι
1031 2426 1288 2491 μεθεῖναί
1301 2443 1366 2491 με
1382 2442 1392 2452 ·
1429 2421 1644 2476 τούτων
1661 2422 1767 2492 γὰρ
1791 2420 1974 2477 ἁπάν-

297 2524 409 2557 των
438 2501 638 2571 αὔριον
669 2503 921 2573 ἐθελήσω
955 2520 1042 2558 σοι
1060 2502 1228 2574 λόγον
1249 2506 1472 2572 δοῦναι,
1510 2502 1576 2558 τὰ
1596 2510 1704 2558 νῦν
1723 2504 1782 2560 δὲ
1802 2507 1886 2559 ἐπὶ
1906 2504 1969 2558 τά

297 2581 458 2637 λοιποὶ
477 2582 751 2653 βούλομαι
779 2588 1102 2640 στέλλεσθαι
1132 2584 1270 2655 πρὸς
1299 2583 1400 2655 τὴν
1432 2590 1614 2653 κρίσιν
1641 2581 1710 2655 ἣν
1735 2590 1970 2654 Φίληβος

295 2664 576 2719 ε’πιτάττει.

436 2749 607 2800 ΠΡῼ.
661 2751 861 2810 Καλῶς
891 2746 1060 2816 εἶπες,
1101 2742 1146 2802 ὦ
1165 2749 1488 2816 Σώκρατες·
1527 2745 1649 2801 ἀλλ’
1673 2746 1776 2802 ὅσα
1806 2746 1969 2801 λοιπὰ

296 2823 428 2895 ἡμῖν
448 2829 690 2891 διέξελθε
710 2826 818 2898 ὅπῃ
839 2845 926 2883 σοι
946 2836 1124 2896 φίλον,
