2028 3198
63 98 120 143 45
635 83 1171 133 ΣΤΜΠΟΣΙΟΝ.
1642 76 1746 131 183

64 228 167 280 τοῦ
197 219 303 292 γὰρ
331 219 626 277 ἀθανάτου
655 220 871 287 ἐρῶσιν.
926 219 984 272 οἶ
1008 217 1111 287 μὲν
1129 210 1236 272 οὖν
1253 214 1584 287 ἐγκύμονες,
1622 215 1746 283 ἔφη,

7 324 9 326 ·
66 303 207 363 κατὰ
236 304 460 375 σώματα
492 301 647 366 ὄντες
663 298 803 371 πρὸς
820 297 918 363 τὰς
935 309 1204 368 γυναῖκας
1221 303 1436 368 μᾶλλον
1454 297 1749 366 τρέπονται

66 390 158 444 καὶ
183 387 357 459 ταύτῃ
386 389 642 456 ἐρωτικοί
665 388 796 452 εἰσι,
835 379 923 436 διὰ
944 383 1300 451 παιδογονίας
1318 377 1638 435 ἀθανασίαν
1657 379 1750 434 καὶ

64 469 287 567 μνήμην
300 469 392 524 καὶ
409 465 784 537 εὐδαιμονίαν,
808 459 880 529 ὡς
895 470 1122 531 οἴονται,
1145 459 1332 526 αὐτοῖς
1351 465 1428 526 εἰς
1447 459 1547 516 τὸν
1565 463 1749 515 ἔπειτα

62 551 269 623 χρόνον
296 571 477 605 παντα
505 546 880 619 ποριζόμενοι·
918 567 970 601 οι
958 544 1051 601 ’δὲ
1071 566 1209 600 κατα
1231 542 1334 614 τὴν
1354 541 1538 614 ψυχήν
1553 575 1626 584 —·
1645 543 1747 599 εἰσὶ
1774 557 1862 605 209

64 632 173 705 γὰρ
193 628 327 704 οὖν,
361 637 467 705 ἔφη
484 675 500 704 ,
539 638 596 689 οἳ
611 634 672 688 ἐν
689 641 806 694 ταῖς
824 639 1021 700 ψυχαῖς
1039 631 1276 682 κυοῦσιυ
1294 629 1372 679 ἔτι
1395 621 1653 695 μᾶλλον’
1627 648 1658 696 η
1686 629 1745 682 ἐν

62 728 175 781 τοῖς
198 717 474 787 σώμασιν,
514 712 552 770 ἅ
568 718 714 787 ψυχῇ
734 712 1001 782 προσήκει
1018 711 1110 767 καὶ
1127 715 1328 780 κυῆσαι
1358 710 1451 764 καὶ
1477 721 1656 764 κυεῖν·
1695 714 1751 765 τί

64 793 172 855 οὖν
210 798 504 869 προσήκεις
542 794 820 899 φρόνησίν
845 815 903 848 τε
931 794 1023 849 καὶ
1052 793 1156 864 τὴν
1184 791 1362 863 α’λλην
1393 790 1624 862 αρετήν·
1665 815 1746 847 ων

63 881 134 950 δή
165 886 267 936 εἰσι
296 882 387 936 καὶ
416 883 472 935 οἱ
497 881 714 950 ποιηταὶ
743 877 946 941 πάντες
971 875 1302 947 γεννήτορες
1330 875 1423 930 καὶ
1449 896 1563 930 των
1584 878 1744 946 δημι-

65 970 288 1034 ουργῶν
315 961 438 1019 ὅσοι
465 963 719 1032 λέγονται
749 957 1017 1030 εὑρετικοὶ
1046 957 1211 1015 εἶναι·
1251 955 1396 1013 πολὺ
1420 958 1480 1013 δὲ
1499 963 1742 1031 μεγίστη,

63 1049 169 1117 ἔφη
182 1088 197 1117 ,
226 1048 317 1101 καὶ
334 1051 594 1115 καλλίστη
615 1050 712 1115 τῆς
732 1043 1059 1115 φρονήσεως
1075 1040 1110 1112 ἡ
1130 1043 1255 1111 περὶ
1276 1039 1373 1106 τὰς
1390 1048 1504 1097 τῶν
1524 1041 1745 1098 πόλεών

0 1162 1 1190 ξ
61 1149 120 1183 τε
148 1129 240 1183 καὶ
268 1127 539 1198 οἰκήσεων
566 1125 982 1196 διακοσμήσεις,
1017 1118 1057 1197 ᾗ
1087 1121 1153 1196 δὴ
1185 1123 1362 1196 ὄνομά
1382 1127 1496 1180 ἐστι
1517 1141 1746 1196 σωφρο-

62 1210 206 1280 σύυη
235 1231 294 1265 τε
322 1211 412 1265 καὶ
442 1207 768 1279 δικαιοσύνη
785 1229 796 1239 ·
832 1206 1046 1262 τούτων
1075 1201 1149 1262 αὖ
1169 1206 1305 1263 ὅταν
1322 1230 1403 1273 τις
1420 1210 1480 1264 ἐκ
1500 1209 1632 1265 νέου
1654 1211 1749 1279 ἐγ-
1777 1230 1809 1271 Β

63 1292 261 1362 κύμων
289 1285 327 1364 ᾖ
353 1290 455 1363 τὴν
482 1289 666 1362 ψυχὴν
693 1298 848 1356 θεῖος
879 1288 988 1360 ὤν,
1025 1292 1117 1345 καὶ
1143 1287 1391 1362 ἡκούσης
1416 1296 1515 1362 τῆς
1530 1288 1744 1363 ἡλικίας

64 1380 269 1429 τίκτειν
287 1396 344 1429 τε
363 1377 455 1429 καὶ
474 1380 683 1446 γεννᾷν
702 1372 806 1445 ἤδη
827 1374 1103 1445 ἐπιθυμῇ,
1142 1378 1289 1444 ζητεῖ
1301 1374 1370 1446 δή
1382 1417 1397 1445 ,
1437 1373 1612 1445 οἶμαι,
1653 1379 1742 1432 καὶ

61 1449 227 1522 οὗτος
253 1453 484 1524 περιιών
509 1454 571 1511 τὸ
603 1456 776 1511 καλὸν
804 1458 864 1511 ἐν
896 1449 944 1529 ᾦ
969 1452 1042 1511 ἄν
1068 1457 1416 1529 γεννήσειεν·
1453 1461 1514 1513 ἐν
1540 1464 1619 1532 τῷ
1637 1457 1743 1527 γὰρ

61 1542 270 1611 αἰσχρῷ
298 1537 563 1594 οὐδέποτε
591 1538 862 1610 γεννήσει.
918 1540 985 1594 τά
1016 1562 1073 1595 τε
1103 1533 1209 1594 οὖν
1237 1538 1462 1611 σώματα
1498 1539 1565 1595 τὰ
1602 1541 1742 1596 καλὰ

60 1626 274 1690 μᾶλλον
299 1616 336 1690 ἦ
363 1620 429 1674 τὰ
459 1620 652 1691 αἰσχροὶ
674 1620 968 1688 ἀσπάζεται
987 1621 1082 1678 ἅτε
1100 1629 1281 1692 κυών,
1318 1624 1408 1679 καὶ
1428 1621 1527 1679 ἐὰν
1545 1624 1743 1696 ἐντύχῃ

63 1708 211 1774 ψυχῇ
226 1709 367 1775 καλῇ
387 1705 477 1759 καὶ
494 1712 723 1778 γενναίᾳ
741 1706 831 1761 καὶ
851 1702 1075 1774 εὐφυεῖ,
1106 1705 1257 1760 πάνυ
1277 1705 1343 1776 δή
1370 1703 1662 1772 ἀσπάζεται
1679 1706 1738 1761 τό

62 1785 514 1856 ξυναμφότερον,
552 1788 642 1842 καὶ
678 1785 817 1855 πρὸς
853 1793 1053 1843 τοῦτον
1086 1785 1187 1844 τὸν
1223 1786 1531 1857 ἄνθρωπον
1567 1787 1742 1853 εὐθὺς

63 1865 293 1937 εὐπορεῖ
315 1868 501 1938 λόγων
532 1871 657 1940 περὶ
685 1867 882 1941 ἀρετῆς
909 1872 1002 1926 καὶ
1031 1872 1156 1942 περὶ
1186 1865 1307 1926 οἷον
1336 1868 1437 1941 χρὴ
1469 1869 1610 1926 εἶναι
1642 1871 1740 1928 τὸν

59 1948 239 2018 ἄνδρα
269 1947 368 2006 τὸν
397 1947 621 2020 ἀγαθὸν
646 1954 737 2007 καὶ
757 1949 794 2006 ὁὶ
813 1952 1182 2023 ἐπιτηδεύειν,
1223 1953 1315 2008 καὶ
1334 1955 1594 2024 ἐπιχειρεῖ
1610 1975 1740 2008 παι-
1773 1968 1803 2010 C

58 2034 258 2089 δεύειν.
317 2030 625 2105 ἁπτόμενος
659 2033 793 2105 γάρ,
834 2033 1011 2106 οἶμαι,
1048 2041 1152 2090 τοῦ
1188 2041 1363 2089 καλοῦ
1402 2037 1493 2090 καὶ
1531 2032 1742 2104 ὁμιλῶν

0 2135 7 2186 ³.
60 2113 214 2188 αὐτῷ
224 2156 241 2184 ,
279 2112 316 2170 ἃ
342 2115 513 2172 πάλαι
541 2116 715 2188 ἐκύει,
759 2123 929 2173 τίκτει
959 2119 1050 2173 καὶ
1077 2124 1279 2189 γεννᾷ,
1319 2118 1410 2172 καὶ
1430 2115 1628 2185 παρών
1651 2119 1739 2173 καὶ

6 2220 9 2221 ’
58 2195 218 2251 ἀπών
246 2202 616 2270 μεμνημένος,
655 2202 746 2256 καὶ
777 2199 836 2256 τὸ
868 2201 1146 2270 γεννηθὲν
1182 2200 1543 2269 συνεκτρέφει
1580 2207 1741 2273 κοινῇ

61 2277 181 2350 μετ’
216 2281 460 2350 ἐκείνου,
499 2280 637 2338 ὥστε
668 2281 811 2338 πολὺ
841 2287 1003 2353 μείζω
1034 2285 1333 2336 κοινωνίαν
1361 2287 1458 2352 τῆς
1475 2287 1590 2337 τῶν
1613 2290 1742 2337 παί-

16 2409 21 2413 .
61 2365 176 2417 δων
207 2362 348 2430 πρὸς
367 2361 638 2434 ἀλλήλους
658 2368 715 2419 οἱ
726 2371 967 2419 τοιοῦτοι
987 2372 1202 2434 ἴσχουσι
1226 2365 1316 2419 καὶ
1337 2370 1531 2434 φιλίαν
1548 2370 1741 2436 βεβαι-

14 2450 19 2453 ’
58 2446 285 2515 οτέραν,
307 2441 401 2499 ἅτε
419 2445 728 2500 καλλιόνων
748 2448 838 2502 καὶ
859 2444 1301 2516 ἄθανατωτέρων
1320 2450 1535 2504 παίδων
1554 2469 1740 2504 κεκοι-

58 2526 383 2596 νωνηκότες.
436 2530 527 2583 καὶ
555 2534 663 2594 πᾶς
690 2524 763 2583 ἂν
793 2532 1001 2595 δέξαιτο
1032 2530 1208 2604 ἑαυτῷ
1237 2529 1524 2595 τοιούτους
1543 2534 1740 2595 παῖδας

57 2614 271 2680 μᾶλλον
298 2611 585 2679 γεγονέναι
611 2609 647 2681 ἦ
674 2609 804 2677 τούς
835 2609 1256 2683 ἀνθρωπίνους,
1294 2613 1384 2668 καὶ
1404 2609 1734 2683 εἰς”Ομηρον
1763 2622 1797 2663 Ι)

60 2688 376 2763 ἀποβλέψας
409 2695 498 2749 καὶ
524 2691 780 2750 Ἡσίοδον
814 2697 906 2750 καὶ
941 2693 1070 2759 τοὺς
1104 2693 1308 2759 ἄλλους
1345 2693 1572 2765 ποιητὰς
1607 2694 1739 2760 τοὺς

58 2770 311 2843 ἀγαθοὺς
350 2780 554 2847 ζηλῶν,
594 2773 682 2831 οἷα
725 2780 925 2846 ἔκγονα
963 2778 1176 2833 ἑαυτῶν
1212 2782 1667 2848 καταλείπουσιν,
1704 2774 1741 2834 ἃ
