2028 3198
226 710 282 754 49

313 142 461 215 no'
910 156 1385 212 ΠΛΑΤῼΝΟΣ

451 302 619 351 ΠΡῼ.
678 296 841 350 Πάνυ
859 316 935 364 γε.

451 383 575 432 Σῼ.
630 374 788 431 Πολὺ
812 376 870 431 δὲ
886 381 1130 431 πλεῖστοί
1142 397 1230 446 γε,
1265 375 1439 448 οἶμαι,
1471 380 1594 446 περὶ
1619 379 1678 435 τὸ
1700 386 1885 449 τρίτον
1905 381 1972 437 εἶ-

313 462 404 520 δος
432 457 647 512 τούτων
675 460 733 511 ἐν
751 468 867 521 ταῖς
884 468 1080 527 ψυχαῖς
1099 460 1558 529 διημαρτήκασιν,
1597 458 1800 532 ἀρετὴν
1819 464 1978 528 δοξά-

313 544 491 603 ζοντες
508 543 756 609 βελτίους
775 538 1002 602 ἑαυτούς
1017 579 1030 603 ,
1051 536 1153 593 οὐκ
1175 538 1341 603 ὄντες.

447 625 617 674 ΠΡῼ.
673 620 908 690 Σφόδρα
928 621 1028 690 μὲν
1047 615 1163 675 οὖν.

450 707 572 756 Σῼ.
638 707 764 755 Τῶν
793 700 1004 767 ἀρετῶν
1035 699 1085 755 δ’
1122 696 1212 769 ἀρ’
1241 700 1309 756 οὐ
1330 708 1525 772 σοφίας
1545 708 1667 773 πέρι
1684 705 1744 760 τὸ
1766 713 1978 776 πλῆθος

310 782 528 847 πάντως
556 781 925 852 ἀντεχόμενον
953 780 1154 852 μεστὸν
1183 785 1380 848 ἐρίδων
1405 787 1495 839 καὶ
1525 788 1850 854 δοξοσοφίας
1868 790 1976 841 ἐστὶ

309 867 575 929 ψευδοῦς;

447 950 618 999 ΠΡῼ.
674 951 801 1008 Πῶς
822 943 875 999 δ’
897 943 991 1010 οὕ;

450 1032 572 1081 Σῼ.
628 1026 823 1082 Κακόν
860 1027 960 1096 μὲν
992 1025 1056 1096 δὴ
1088 1033 1200 1081 πᾶν
1229 1026 1301 1081 ἄν
1328 1048 1408 1091 τις
1436 1027 1494 1082 τό
1528 1035 1781 1084 τοιοῦτον
1810 1029 1977 1085 εἰπών

308 1105 494 1174 ὀρθῶς
512 1103 583 1161 ἀν
603 1115 746 1162 εἴποι
765 1106 960 1171 πάθος.

446 1194 618 1243 ΠΡΩ.
672 1187 908 1257 Σφόδρα
928 1210 1004 1257 γε.

446 1275 570 1324 Σῼ.
632 1275 808 1324 Τοῦτο
856 1275 1048 1323 τοίνυν
1097 1274 1172 1323 ἔτι
1210 1273 1536 1340 διαιρετέον,
1584 1265 1626 1326 ὦ
1660 1271 1975 1341 Πρώταρχε,

309 1354 455 1422 δίχα,
501 1356 551 1406 εἰ
576 1353 846 1421 μέλλομεν
875 1350 975 1404 τὸν
1006 1349 1264 1406 παιδικὸν
1294 1353 1504 1416 ἰδόντες
1523 1352 1748 1422 φθόνον
1767 1352 1977 1408 ἄτοπον

305 1429 510 1501 ἡδονῆς
529 1434 619 1487 καὶ
640 1432 815 1502 λύπης
837 1431 1076 1496 ὄψεσθαι
1095 1435 1253 1499 μῖξιν.

444 1518 614 1569 ΠΡΩ.
670 1520 798 1577 Πῶς
818 1508 922 1568 οὖν
941 1514 1208 1583 τέμνομεν
1229 1516 1346 1582 δίχα
1360 1554 1374 1582 ‚
1397 1515 1591 1582 λέγεις;

445 1601 570 1651 ΣΩ.
625 1594 839 1658 Πάντες
868 1592 1062 1649 ὁπόσοι
1090 1593 1296 1664 ταύτην
1324 1593 1425 1664 τὴν
1454 1598 1629 1664 ψευδῆ
1660 1595 1825 1661 δόξαν
1854 1598 1976 1666 περὶ

306 1678 518 1732 ἑαυτῶν
544 1675 791 1746 ἀνοήτως
822 1676 1132 1744 δοξάζουσι,
1171 1675 1426 1743 καθάπερ
1458 1673 1721 1730 ἁπάντων
1749 1674 1975 1746 ἀνθρώ-

306 1779 455 1827 πων,
493 1761 582 1812 καὶ
602 1758 817 1812 τούτων
838 1756 1272 1826 ἀναγκαιότατον
1293 1758 1523 1812 ἕπεσθαι
1540 1768 1651 1821 τοῖς
1668 1757 1769 1828 μὲν
1787 1758 1975 1827 ῥώμην

306 1838 494 1893 αὐτῶν
514 1840 603 1892 καὶ
623 1838 863 1907 δύναμιν
877 1879 891 1906 ,
912 1849 1023 1900 τοῖς
1044 1841 1105 1891 δέ
1113 1878 1127 1906 a
1150 1836 1296 1906 οἶμαι
1310 1879 1324 1906 ,
1345 1837 1686 1894 τούναντίον.

442 1924 612 1974 ΠΡΩ.
670 1917 918 1988 Ἀνάγκη.

445 2007 571 2058 ΣιΩ.
632 2000 817 2071 Ταύτῃ
847 2004 1039 2055 τοίνυν
1070 2003 1238 2069 δίελε,
1277 2003 1366 2056 καὶ
1396 2000 1516 2056 ὅσοι
1545 2000 1645 2071 μὲν
1666 1999 1851 2057 αὐτῶν
1872 2005 1973 2058 εἰσὶ

304 2081 417 2153 μετ’
448 2081 739 2144 ἀσθενείας
759 2087 997 2136 τοιοῦτοι
1016 2083 1105 2136 καὶ
1131 2079 1395 2136 ἀδύνατοι
1423 2084 1862 2153 καταγελώμενοι
1892 2106 1972 2138 τι-

303 2171 625 2235 μωρεῖσθαι,
646 2168 894 2232 γελοίους
911 2163 1142 2227 τούτους
1159 2163 1392 2232 φάσκων
1407 2162 1546 2218 εἶναι
1562 2162 1777 2235 τάληθῆ
1795 2168 1972 2235 φθέγ-

304 2249 404 2309 ξει·
441 2244 571 2308 τοὺς
606 2244 664 2300 δὲ
703 2242 976 2307 δυνατοὺς
1010 2251 1367 2314 τιμωρεῖσθαι
1399 2243 1673 2315 φοβεροὺς
1700 2246 1790 2300 καὶ
1819 2251 1973 2314 ἰσχυ-

307 2322 441 2395 ροὺς
461 2329 549 2380 καὶ
569 2324 805 2395 ἐχθροὺς
825 2325 1255 2396 προσαγορεύων
1274 2324 1582 2395 ὀρθότατον
1600 2325 1811 2380 τούτων
1835 2344 1974 2382 σαυ-

304 2414 382 2481 τῷ
410 2408 579 2477 λόγον
609 2406 931 2473 ἀποδώσεις.
993 2408 1156 2463 ἄνοια
1183 2407 1290 2478 γὰρ
1318 2405 1351 2478 ἡ
1373 2409 1473 2478 μὲν
1492 2414 1604 2462 τῶν
1625 2412 1867 2476 ἰσχυρῶν
1887 2409 1973 2476 ἐχ-

304 2488 419 2557 θρά
446 2511 503 2544 τε
532 2490 621 2544 καὶ
653 2491 847 2559 αἰσχρά
863 2512 872 2522 ·
910 2490 1154 2562 βλαβερὰ
1182 2489 1287 2560 γὰρ
1316 2493 1406 2545 καὶ
1433 2501 1546 2554 τοῖς
1575 2491 1739 2552 πέλας
1759 2485 1896 2556 αὐτή
1915 2508 1971 2540 τε

305 2573 394 2625 καὶ
423 2570 549 2626 ὅσαι
579 2571 783 2635 εἰκόνες
813 2569 980 2642 αὐτῆς
1001 2577 1162 2627 εἰσίν·
1199 2569 1232 2642 ἡ
1254 2568 1307 2626 δ’
1331 2568 1574 2640 ἀσθενὴς
1595 2567 1720 2640 ἡμῖν
1741 2567 1842 2638 τὴν
1859 2571 1971 2620 τῶν

302 2657 531 2722 γελοίων
551 2659 726 2722 εἴληχε
745 2653 897 2717 τάξιν
915 2674 973 2706 τε
991 2655 1081 2708 καὶ
1102 2653 1288 2722 φύσιν.

440 2739 611 2788 ΠΡΩ.
665 2732 963 2802 Ὀρθότατα
993 2738 1176 2802 λέγεις.
1234 2731 1369 2788 ἀλλὰ
1397 2731 1501 2801 γὰρ
1535 2727 1568 2799 ἡ
1605 2735 1716 2783 τῶν
1749 2726 1972 2792 ἡδονῶν

304 2815 392 2869 καὶ
413 2821 607 2870 λυπῶν
625 2817 762 2884 μῖξις
783 2815 842 2869 ἐν
859 2815 1076 2878 τούτοις
1095 2813 1251 2868 οὔπω
1270 2834 1362 2882 μοι
1381 2809 1717 2879 καταφανής.
