2028 3198
323 135 392 188 96
926 134 1409 182 ΠΛΑΤΩΝΟΣ

323 291 402 336 τις
429 268 534 341 ὁρᾷ
562 267 826 331 πολλάκις
853 268 1031 339 ἑαυτῷ
1058 264 1268 337 χρυσὸν
1285 267 1616 338 γιγνόμενον
1635 267 1895 338 ἄφθονον
1917 270 2005 323 καὶ

325 351 409 409 ἐπ’
444 350 593 424 αὐτῷ
626 347 833 414 πολλὰς
863 347 1092 420 ἡδονάς·
1131 349 1221 404 καὶ
1257 346 1324 419 δὴ
1362 350 1453 404 καὶ
1481 352 2007 422 ἐνεζωγραφημένον

323 433 498 491 αὐτὸν
518 430 597 502 ἐφ’
622 431 775 506 αὐτῷ
794 438 1056 503 χαίροντα
1077 430 1295 502 σφόδρα
1315 438 1550 506 καθορᾷ.

266 522 297 561 Β
462 521 630 571 ΠΡΩι.
691 520 761 570 Τί
776 514 825 570 δ’
851 514 948 582 0'1'1'3

462 604 586 655 252.
643 597 875 653 Τούτων
903 590 1009 652 οὖν
1037 597 1241 665 πότερα
1272 603 1467 667 φῶμεν
1493 609 1605 664 τοῖς
1635 599 1738 669 μὲν
1774 597 2008 669 ἀγαθοῖς

325 680 397 747 ὡς
424 680 486 737 τὸ
519 678 663 736 πολὺ
692 678 758 735 τά
786 676 1138 750 γεγραμμένα
1166 684 1576 748 παρατίθεσθαι
1604 677 1787 751 ἀληθῆ
1824 679 1914 735 διὰ
1942 682 2002 735 τὸ

322 771 605 836 θεοφιλεῖς
625 763 792 834 εἶναι,
824 775 938 828 τοῖς
958 762 1016 818 δὲ
1045 774 1233 827 κακοῖς
1254 760 1326 826 ὡς
1345 756 1420 816 αὖ
1448 760 1565 816 *τὸ*
1595 760 1739 817 πολὺ
1768 761 2003 817 τούναν·

323 853 469 918 τίον,
490 842 526 917 ἦ
545 845 617 918 μὴ
641 853 863 917 φῶμεν;

463 934 633 984 ΠΡΩ.
689 930 801 984 Καὶ
820 928 966 999 μάλα
987 932 1207 998 φατέον.

463 1017 589 1067 Σῼ.
644 1009 873 1066 Οὐκοῦν
892 1014 982 1066 καὶ
1001 1023 1112 1075 τοῖς
1140 1021 1328 1074 κακοῖς
1346 1007 1547 1080 ἡδοναί
1572 1031 1633 1080 γε
1656 1007 1821 1064 οὐδὲν
1839 1004 2006 1080 ἧττον

323 1094 577 1165 πάρεισιν
597 1095 1072 1164 ἐζωγραφημέναι,
1091 1098 1310 1158 ψευδεῖς
1329 1092 1387 1148 δὲ
1406 1085 1574 1147 αὗταί
1589 1111 1713 1146 που.

462 1181 633 1233 ΠΡΩ.
697 1182 765 1231 Τί
785 1175 924 1247 μήν;

263 1263 293 1304 C
465 1266 592 1315 ΣΩ.
654 1260 933 1314 Ψευδέσιν
965 1257 1072 1328 ἄρα
1100 1254 1327 1328 ἡδοναῖς
1363 1255 1429 1311 τοὶ
1469 1255 1645 1312 πολλὰ
1688 1259 1744 1310 οἱ
1777 1256 2006 1324 πονηροὶ

322 1348 636 1414 χαίρουσιν,
670 1346 728 1396 οἰ
742 1340 794 1396 δ’
818 1340 1024 1411 άγαθοὶ
1042 1346 1156 1395 τῶν
1174 1338 1498 1411 ἀνθρώπων
1518 1337 1801 1410 ἀληθέσιν.

460 1429 632 1480 ΠΡΩ.
682 1422 1111 1494 Ἀναγκαιότατα
1131 1426 1318 1494 λέγεις.

461 1512 587 1562 ΣΩ.
642 1507 767 1561 Εἰσὶ
796 1504 862 1576 δὴ
894 1505 1032 1561 κατὰ
1061 1505 1191 1570 τοὺς
1221 1512 1330 1560 νῦν
1356 1504 1556 1574 λόγους
1575 1506 1794 1570 ψευδεῖς
1814 1505 1873 1557 έν
1892 1514 2006 1566 ταῖς

322 1596 436 1646 τῶν
465 1588 790 1660 ἀνθρώπων
819 1601 1017 1660 ψυχαῖς
1046 1587 1270 1660 ἡδοναί,
1308 1590 1676 1659 μεμιμημέναι
1705 1590 1890 1656 μέντοι
1912 1583 2006 1648 τὰς

321 1669 546 1743 ἀληθεῖς
566 1673 654 1728 ἐπὶ
673 1671 738 1727 τὰ
757 1671 1074 1742 γελοιότερα
1090 1693 1100 1703 ·
1119 1674 1210 1726 καὶ
1231 1678 1400 1727 λῦπαι
1420 1671 1480 1726 δὲ
1501 1669 1774 1733 ὡσαύτως.

460 1760 630 1810 ΠΡΩ.
687 1760 862 1810 Εἰσίν.

461 1841 586 1891 ΣΩ.
648 1835 877 1891 Οὐκοῦν
902 1831 977 1906 ἦν
1008 1837 1253 1902 δοξάζειν
1281 1838 1383 1904 μὲν
1412 1835 1586 1899 ὅντως
1611 1833 1693 1890 άεὶ
1721 1841 1798 1906 τῷ
1815 1833 1875 1890 τὸ
1897 1854 2002 1888 πα-

321 1918 503 1988 ράπαν
535 1917 839 1988 δοξάζοντι,
873 1919 946 1988 μὴ
978 1916 1064 1973 ἐπ’
1099 1913 1227 1972 οὖσι
1256 1920 1315 1972 δὲ
1333 1918 1467 1987 μηδὲ
1487 1919 1573 1973 ἐπὶ
1591 1917 1851 1986 γεγονόσι
1871 1915 2000 1985 μηδ’

321 1999 407 2056 ἐπ’
433 2004 711 2071 ἐσομένοις
731 2003 919 2056 ἐνίοτε.

460 2101 628 2151 ΠΡΩ.
685 2095 851 2150 Πάνυ
870 2117 948 2166 γε.

256 2202 290 2241 D
461 2196 585 2246 ΣΩ.
643 2192 752 2246 Καὶ
770 2191 943 2246 ταῦτά
961 2212 1023 2261 γε
1043 2185 1114 2261 ἧν
1127 2233 1141 2261 ,
1180 2188 1266 2260 οἷμ
1275 2212 1355 2259 αι,
1386 2189 1452 2243 τὰ
1474 2187 1885 2259 ἀπεργαζόμενα
1905 2188 2000 2243 δό-

320 2277 420 2335 ξαν
439 2277 616 2342 ψευδῆ
642 2273 763 2327 τότε
784 2275 875 2328 καὶ
892 2271 953 2328 τὸ
975 2277 1193 2339 ψευδῶς
1213 2271 1471 2338 δοξάζειν.
1502 2266 1538 2341 ἦ
1556 2270 1691 2340 γάρ;

460 2372 628 2421 ΠΡΩ.
683 2373 812 2422 Ναί.

459 2466 584 2515 ΣΩ.
644 2468 712 2516 Τί
736 2456 872 2529 οὗνς
914 2461 1016 2518 οὐκ
1049 2461 1454 2517 ἀνταποδοτέον
1481 2472 1597 2523 ταῖς
1616 2459 1814 2524 λύπαις
1831 2479 1889 2514 τε
1908 2460 1995 2513 καὶ

318 2541 541 2613 ἡδοναῖς
562 2541 664 2613 τὴν
683 2543 898 2599 τούτων
918 2542 1287 2614 ἀντίστροφον
1305 2544 1417 2608 ἕξιν
1440 2545 1500 2597 ἐν
1520 2545 1776 2609 ἐκείνοις;

456 2642 628 2692 ΠΡΩ.
682 2643 840 2705 Πῶς;

461 2737 585 2787 ΣΩ.
635 2730 727 2795 Ὡς
755 2725 827 2803 ἦν
854 2733 955 2801 μὲν
985 2739 1193 2803 χαίρειν
1221 2732 1394 2796 ὅντως
1423 2731 1506 2786 άεὶ
1538 2737 1614 2803 τῷ
1641 2728 1701 2784 τὸ
1735 2728 1990 2796 παράπαν

317 2813 579 2870 ὁπωσοῦν
609 2816 699 2869 καὶ
728 2818 848 2885 εἰκῇ
875 2819 1144 2884 χαίροντι,
1185 2816 1257 2885 μὴ
1279 2818 1463 2884 μέντοι
1483 2814 1569 2867 ε’πὶ
1587 2823 1698 2876 τοῖς
1718 2805 1846 2867 οὖσι
1862 2811 1989 2881 μηδ’
