2028 3198
221 0 624 38 ···3⁴·=**wc=z
641 0 746 49 :gv-111.
814 31 818 34 ,
833 0 869 39 ‘2'
896 0 918 26 ι
935 26 954 34 ,Α
976 0 980 3 ·
999 7 1030 34 -,
1051 0 1056 29 ῑ
1080 0 1143 29 ’ᾶῑ
1220 7 1221 10 =

0 135 3 150 ἶ
69 180 131 227 93
724 168 1109 220 ΦΑΙΔΡΟΣ.
1285 155 1294 158 ’
1643 164 1747 215 231

72 313 208 387 μετὰ
230 313 335 387 μὲν
356 310 495 378 Διὸς
514 308 688 387 ἡμεῖς,
713 310 869 368 ἄλλοι
888 311 949 369 δὲ
972 308 1098 385 μετ’
1124 309 1297 367 ἄλλου
1313 313 1487 381 θεῶν,
1515 307 1667 366 εἶδόν
1688 332 1749 366 τε

74 401 166 457 καὶ
189 401 476 456 ἐτελοῦπο
499 401 614 455 τῶν
635 401 872 455 τελετῶν
893 394 964 470 ἣν
998 399 1163 470 θέμις
1190 398 1374 468 λέγειν
1399 394 1746 469 μακαριωτά-

75 508 206 557 την,
229 481 303 556 ἢν
325 481 662 557 ὦργιάζομεν
681 480 972 557 ὁλόκληροι
994 482 1097 556 μὲν
1121 479 1278 539 αὐτοὶ
1302 479 1458 548 ὄντες
1480 482 1574 538 καὶ
1605 478 1746 538 ἀπα·
1778 490 1812 532 G

73 579 198 636 θεῖς
220 572 437 641 κακῶν,
462 566 566 625 ὅσα
587 566 728 643 ἡμᾶς
751 572 814 626 ἐν
835 565 1049 645 ὑστέρῳ
1071 568 1255 644 χρόνῳ
1279 565 1557 640 ὑπέμενεν
1573 611 1588 638 ,
1624 563 1748 624 ὁλό-

73 663 249 728 κληρα
281 654 341 712 δὲ
376 656 470 712 καὶ
505 652 654 711 ἁπλᾶ
685 656 779 712 καὶ
813 651 1020 729 άτρεμῆ
1043 656 1135 711 καὶ
1160 652 1465 727 εὐδαίμονα
1488 652 1750 727 φάσματα

72 741 385 814 μυούμενοί
403 763 462 798 τε
474 743 567 798 καὶ
586 740 983 807 ἐποπτεύοντες
999 743 1061 798 ἐν
1077 737 1226 814 αὐγῇ
1237 742 1480 814 καθαρᾷ,
1508 741 1751 812 καθαροὶ

73 824 229 893 ὄντες
252 828 345 884 καὶ
369 824 675 899 άσήμαντοι
698 827 899 884 τούτου
914 871 929 897 ,
964 824 996 883 ὃ
1031 829 1140 882 νῦν
1163 828 1321 898 σῶμα
1353 827 1751 898 περιφέροντες

78 909 447 986 ὀνομάζομεν,
472 910 703 986 ὀστρέου
726 911 934 986 τρόπον
959 913 1404 985 δεδεσμευμένοι.

212 1008 377 1056 xxxl.
453 1003 638 1055 Ταῦτα
673 998 776 1071 μὲν
810 990 916 1054 οὖν
951 996 1136 1071 μνήμῃ
1173 1003 1492 1070 κεχαρίσθω
1506 1040 1521 1068 ,
1564 994 1644 1053 δι’
1680 994 1752 1069 ἣν

71 1082 235 1159 πόθῳ
259 1087 372 1140 των
394 1083 516 1141 τότε
539 1087 649 1140 νῦν
663 1083 974 1158 μακρότερα
994 1093 1232 1156 εἴρηται’
1256 1084 1383 1157 περὶ
1409 1082 1470 1140 δὲ
1494 1081 1748 1162 κάλλους,

73 1166 256 1241 ω”σπερ
275 1179 521 1243 εἴπομεν,
545 1167 669 1243 μετ’
695 1173 927 1227 ἐκείνων
949 1193 1007 1227 τε
1026 1176 1269 1242 ἔλαμπεν
1285 1166 1370 1240 ὅν,
1396 1167 1563 1241 δεῦρό
1577 1191 1635 1224 τε
1656 1171 1742 1225 ε’λ-
1774 1180 1811 1221 D

71 1253 272 1320 θόντες
296 1255 707 1328 κατειλήφαμεν
731 1253 866 1312 αὐτὸ
894 1254 985 1313 διὰ
1009 1259 1104 1327 τῆς
1129 1254 1529 1327 ἐναργεστάτης
1547 1254 1748 1326 αἰσθή-

70 1360 209 1406 σεως
232 1344 345 1397 τῶν
367 1338 648 1415 ἡμετέρων
666 1347 892 1413 στίλβον
916 1342 1300 1412 ἐναργέστατα.
1338 1338 1464 1406 ὄψις
1486 1338 1592 1412 γὰρ
1616 1336 1751 1413 ἡμῖν

68 1424 305 1498 ὀξυτάτη
328 1431 441 1483 τῶν
461 1426 553 1483 διὰ
576 1426 938 1499 τοῦσώματος
963 1434 1175 1499 ἔρχεται
1192 1426 1529 1499 αἰσθήσεων,
1552 1418 1594 1498 ᾗ
1610 1425 1748 1498 φρό-

0 1522 6 1527 ’
71 1530 228 1584 νησις
252 1509 354 1585 οὐχ
377 1509 570 1585 ὁρᾶται
598 1547 671 1555 -
696 1512 916 1579 δεινοὺς
938 1511 1045 1585 γὰρ
1069 1508 1140 1568 ἂν
1164 1525 1428 1585 παρεῖχεν
1451 1518 1675 1584 ἔρωτας,
1702 1519 1759 1568 εἴ

70 1621 123 1654 τι
145 1601 399 1655 τοιοῦτον
435 1601 631 1671 ἑαυτῆς
656 1599 884 1672 ἐναργὲς
910 1603 1144 1656 εἴδωλον
1182 1604 1472 1670 παρείχετο
1508 1603 1587 1662 εἰς
1618 1593 1753 1664 ὅφιν

4 1673 12 1698 ³
69 1683 158 1740 ἰόν
185 1714 257 1725 -
286 1685 378 1740 καὶ
401 1676 576 1740 τᾶλλα
599 1684 701 1741 ὅσα
726 1684 954 1757 ἐραστά’
978 1688 1087 1741 νῦν
1114 1683 1174 1740 δὲ
1199 1683 1397 1749 κάλλος
1419 1682 1594 1756 μόνον
1616 1681 1750 1739 ταύ-

69 1792 172 1841 την
195 1776 317 1841 ἔσχε
340 1782 544 1843 μοῖραν
559 1814 575 1842 ,
601 1768 740 1827 ὥστ’
767 1771 1180 1842 ἐκφανέστατον
1205 1769 1348 1826 εἷναι
1363 1771 1455 1826 καὶ
1478 1767 1748 1842 ἐρασμιώ-

68 1877 248 1910 τατον.
294 1850 324 1910 ὁ
347 1855 451 1927 μὲν
473 1847 578 1913 οὖν
599 1853 673 1930 μὴ
696 1854 949 1929 νεοτελὴς
972 1853 1435 1929 ἢδιεφθαρμένος
1458 1852 1560 1911 οὐκ
1585 1851 1749 1923 ὀξέως
1778 1861 1813 1904 Ε

69 1942 305 1997 ἐνθένδε
330 1943 507 1998 ἐκεῖσε
530 1945 758 2014 φέρεται
783 1940 919 2013 πρὸς
944 1938 1079 1998 αὐτὸ
1104 1939 1164 1997 τὸ
1201 1941 1400 2006 κάλλος
1416 1984 1429 2010 ,
1464 1938 1750 2013 θεώμενος

67 2022 244 2082 αὐτοῦ
265 2023 369 2098 τὴν
395 2030 530 2100 τῇδε
556 2030 909 2100 ἐπωνυμίαν,
936 2025 1076 2084 ὥστε
1099 2024 1167 2084 οὗ
1191 2029 1413 2099 σέβεται
1437 2029 1747 2098 προσορῶν,

65 2108 183 2167 ἀλλ’
211 2107 390 2184 ἡδονῇ
399 2112 685 2185 παραδοὺς
698 2113 1034 2186 τετράποδος
1049 2112 1224 2184 νόμον
1239 2118 1459 2184 βαίνειν
1484 2113 1752 2182 ἐπιχειρεῖ

66 2197 159 2253 καὶ
172 2200 590 2269 παιδοσπορεῑν,
615 2201 707 2255 καὶ
730 2195 892 2271 ὕβρει
904 2201 1257 2270 προσομιλῶν
1270 2194 1337 2253 οὐ
1353 2199 1606 2253 δέδοικεν
1620 2193 1740 2253 οὐδ’
1761 2204 1846 2251 261

0 2288 2 2294 J
66 2279 386 2353 αἰσχύνεται
410 2281 559 2355 παρὰ
582 2283 756 2354 φύσιν
781 2281 991 2356 ἡδονὴν
1018 2282 1237 2339 διώκων
1256 2299 1268 2310 ·
1305 2278 1334 2337 ὃ
1361 2282 1420 2338 δὲ
1446 2278 1747 2354 άρτιτελής,

62 2362 96 2423 ὁ
132 2370 244 2422 τῶν
279 2365 398 2423 τότε
434 2367 837 2440 πολυθεάμων,
875 2366 1010 2424 ὅταν
1046 2368 1296 2433 θεοειδὲς
1330 2365 1629 2439 πρόσωπον
1653 2370 1748 2440 ἴδῃ

28 2451 264 2530 ’,κάλλος
305 2444 369 2508 εὖ
391 2455 770 2526 μεμιμημένον
803 2450 838 2526 ἥ
874 2477 998 2509 τινα
1032 2451 1280 2525 σώματος
1305 2454 1491 2523 ἰδέαν,
1527 2456 1749 2525 πρῶτον

41 2537 169 2610 ’,μὲν
186 2540 372 2608 ἔφριξε
387 2545 485 2595 καί
494 2561 544 2594 τι
569 2542 681 2594 τῶν
705 2537 825 2594 τότε
843 2535 1099 2611 ὑπῆλθεν
1122 2536 1294 2595 αὐτὸν
1310 2537 1604 2611 δειμάτων,
1631 2538 1748 2595 εἶτα

64 2627 361 2695 προσορῶν
376 2618 447 2689 ὥς
464 2620 604 2680 θεὸν
616 2625 853 2694 σέβεται,
881 2625 971 2679 καὶ
990 2620 1126 2696 εἰμὴ
1147 2627 1356 2695 δεδιείη
1376 2622 1476 2696 τὴν
1499 2627 1593 2695 τῆς
1608 2623 1745 2695 σφό-

69 2707 173 2780 δρα
188 2714 390 2781 μανίας
405 2707 589 2778 δόξαν,
615 2704 835 2765 θύοιᾶν
848 2705 920 2774 ὥς
945 2706 1214 2781 ἀγάλματι
1240 2711 1332 2766 καὶ
1347 2713 1468 2784 θεῷ
1493 2721 1606 2773 τοῖς
1619 2730 1746 2764 παι-

68 2790 258 2858 δικοῖς.
308 2794 499 2851 ἰδόντα
527 2796 585 2851 δὲ
613 2790 787 2850 αὐτὸν
811 2789 932 2849 οἷον
957 2796 1016 2850 ἐκ
1041 2797 1136 2866 τῆς
1162 2801 1364 2866 φρίκης
1388 2792 1666 2866 μεταβολή
1688 2815 1747 2850 τε

69 2877 163 2932 καὶ
185 2876 350 2948 ἱδρώς
374 2881 466 2936 καὶ
488 2879 765 2951 θερμότης
790 2876 969 2950 άήθης
995 2878 1292 2950 λαμβάνει·
1320 2877 1614 2950 δεξάμενος
1638 2875 1743 2951 γὰρ
1777 2897 1808 2940 Β

70 2964 170 3017 τοὺ
193 2960 431 3031 κάλλους
454 2964 556 3039 τὴν
580 2961 863 3036 άπορροὴυ
890 2961 980 3020 διὰ
1005 2965 1116 3019 τῶν
1127 2961 1387 3037 ὀμμάτων
1403 2963 1745 3037 ἐθερμάνθη,
