2028 3198
0 73 4 130 T
67 129 121 172 ιε,
631 118 809 167 ΣΤΜ
820 117 1161 166 ηοΣιοΝ.
1509 179 1513 182 Δ
1646 114 1749 168 153

64 251 202 321 ὅπερ
233 255 287 319 ἐξ
317 251 489 323 ἀρχῆς
514 254 740 323 ἐλέχθη,
771 250 900 306 οὔτε
930 256 1103 306 καλον
1134 249 1273 306 εἶναι
1291 246 1428 306 αὐτὸ
1450 247 1586 306 καθ’
1610 248 1746 306 αὐτὸ

65 333 192 390 οὔτε
219 333 476 404 αἰσχρόν,
507 332 647 389 ἀλλὰ
677 339 858 398 καλῶς
885 332 988 403 μὲν
1016 332 1398 404 πραττόμενον
1427 333 1629 404 καλόν,
1660 338 1749 389 αἰ-

65 422 242 486 σχρῶς
266 415 327 471 δὲ
354 414 599 485 αἰσχρόν.
637 420 873 486 αἰσχρῶς
894 414 998 485 μὲν
1029 410 1135 471 οὖν
1161 417 1273 472 ἐστὶ
1302 423 1530 490 πονηρῷ
1565 437 1624 472 τε
1659 418 1751 472 καὶ

67 503 319 568 πονηραῖς
334 501 654 567 χαριζεσθαι
666 539 681 565 ,
719 502 899 562 καλῶς
917 497 975 554 δὲ
993 506 1209 573 χρηστῷ
1227 521 1284 555 τε
1305 501 1396 556 καὶ
1415 506 1610 565 καλῶς.
1643 520 1749 555 πο-

66 578 230 651 νηρὸς
259 576 311 634 δ’
345 582 495 635 ἔστιν
524 582 732 645 ἐκεῖνος
760 578 790 636 ὁ
821 581 1050 653 ἐραστὴς
1080 579 1109 637 ὁ
1130 582 1434 654 πάνδημος,
1458 579 1487 638 ὁ
1508 589 1611 639 τοῦ
1631 582 1746 638 στό-
1777 599 1810 640 Ε

62 682 230 733 ματος
256 667 469 733 μᾶλλον
495 658 533 733 ἢ
558 668 656 734 τῆς
685 670 862 734 ψυχῆς
890 666 1063 734 ἐρεᾶν·
1104 666 1195 720 καὶ
1220 663 1326 735 γὰρ
1357 663 1489 722 οὐδὲ
1515 664 1748 737 μόνιμός

61 748 237 815 ἐστιν,
274 743 368 800 ἅτε
389 742 459 800 ού
487 750 726 816 μονίμου
745 748 855 815 ἐρῶ
861 768 891 801 ν
919 747 1250 819 πράγματος.
1290 747 1403 819 ἅμα
1421 749 1527 819 γὰρ
1547 756 1625 822 τῷ
1645 754 1746 805 τοῦ

62 828 315 899 σώματος
329 826 494 884 ἄνθει
514 827 753 900 λήγοντι,
777 821 952 899 οὗπερ
970 828 1096 899 ἤρα,
1119 837 1322 900 οἴχεται
1341 830 1743 903 ἀποπτάμενος,
1763 836 1777 842 ”

61 909 303 976 πολλοὺς
331 911 532 981 λόγους
566 911 657 966 καὶ
691 908 1012 981 ὑποσχέσεις
1049 912 1416 984 καταισχύνας
1432 935 1442 945 ·
1480 912 1509 970 ὁ
1549 917 1609 969 δὲ
1645 920 1747 970 τοῦ

61 991 240 1064 ἤθους
257 999 497 1064 χρηστοῦ
517 991 680 1060 ὄντος
702 991 930 1065 ἐραστὴς
949 993 1038 1050 διὰ
1058 1000 1187 1066 βίου
1206 999 1384 1067 μένει,
1417 995 1512 1052 ἅτε
1531 1002 1745 1070 μονίμῳ

61 1081 362 1142 συντακείς.
384 1077 616 1142 τούτους
635 1075 701 1148 δὴ
723 1077 984 1149 βούλεται
1014 1075 1042 1133 ὁ
1070 1076 1331 1149 ἡμέτερος
1361 1079 1534 1150 νόμος
1563 1073 1629 1135 εὖ
1657 1081 1747 1136 καὶ

60 1166 239 1224 καλῶς
255 1163 597 1231 βασανίζειν,
627 1162 718 1216 καὶ
737 1172 849 1226 τοῖς
866 1159 967 1232 μὲν
985 1166 1346 1232 χαρίσασθαι,
1378 1160 1508 1228 τοὺς
1536 1162 1595 1219 δὲ
1624 1167 1747 1219 δια-

62 1243 307 1312 φεύγειν.
347 1241 436 1298 διὰ
465 1250 639 1299 ταῦτα
669 1236 775 1299 οὖν
803 1254 916 1308 τοῖς
934 1243 1035 1313 μὲν
1056 1243 1277 1299 διώκειν
1294 1246 1744 1315 παρακελεύεται,

59 1337 169 1390 τοῖς
185 1326 241 1381 δὲ
259 1325 506 1396 φεύγειν,
519 1325 891 1397 ἀγωνοθετῶν
904 1327 993 1381 καὶ
1008 1331 1337 1399 βασανίζων,
1351 1329 1598 1398 ποτέρων
1615 1330 1750 1384 ποτέ

60 1410 211 1463 ἐστιν
228 1406 257 1464 ὁ
280 1412 427 1479 ἐρῶν
446 1410 539 1465 καὶ
558 1412 808 1479 ποτέρων
838 1406 866 1463 ὁ
898 1408 1186 1479 ἐρώμενος.
1219 1408 1366 1465 οὕτω
1389 1409 1456 1482 δὴ
1477 1409 1588 1467 ὑπὸ
1608 1411 1745 1466 ταύ-

58 1512 152 1561 της
179 1497 276 1562 τῆς
304 1496 476 1557 αίτίας
505 1498 730 1562 πρῶτον
756 1491 859 1562 μὲν
879 1490 939 1546 τὸ
979 1489 1304 1547 ἁλίσκεσθαι
1343 1491 1480 1563 ταχύ
1516 1491 1746 1564 αἰσχρὸν

58 1572 403 1643 νενόμισται,
440 1577 533 1629 ἵνα
552 1572 751 1645 χρόνος
770 1576 1081 1645 ἐγγένηται,
1122 1571 1181 1640 ὃς
1202 1574 1267 1645 δὴ
1290 1578 1447 1631 δοκεῖ
1467 1574 1532 1630 τὰ
1565 1574 1743 1631 πολλὰ

0 1667 3 1673 ’
60 1661 238 1719 καλῶς
258 1660 574 1726 βασανίζειν
587 1678 598 1688 ·
618 1660 799 1711 ἔπειτα
818 1655 879 1712 τό
902 1654 1009 1715 ὑπὸ
1029 1658 1324 1729 χρημάτων
1344 1658 1434 1714 καὶ
1454 1654 1564 1713 ὑπὸ
1585 1663 1747 1713 πολι-

1781 1094 1863 1140 184

60 1742 228 1792 τικῶν
256 1735 553 1808 δυνάμεων
578 1733 788 1793 ἁλῶναι
816 1740 1070 1811 αἰσχρόν,
1101 1740 1200 1797 ἐάν
1228 1761 1285 1795 τε
1317 1746 1498 1804 κακῶς
1518 1740 1746 1810 πάσχων
1776 1754 1807 1795 Β

60 1819 231 1891 πτήξῃ
260 1823 351 1875 καὶ
381 1820 455 1891 μὴ
487 1821 821 1893 καρτερήσῃ,
860 1820 933 1877 ἄν
955 1820 1007 1877 τ’
1039 1820 1498 1894 εὐεργετούμενος
1517 1827 1592 1888 εἰς
1611 1821 1747 1894 χρή-

58 1924 200 1972 ματα
229 1898 264 1974 ἦ
293 1907 370 1968 εἰς
398 1903 712 1973 διαπράξεις
740 1902 1022 1970 πολιτικὰς
1043 1902 1116 1976 μὴ
1137 1905 1556 1979 καταφρονήσῃ·
1578 1903 1747 1962 οὐδὲν

58 1983 163 2054 γὰρ
191 1987 347 2041 δεκεῖ
358 1985 574 2041 τούτων
592 1985 722 2042 οὔτε
750 1989 977 2058 βέβαιον
996 1986 1125 2044 οὔτε
1142 1988 1383 2059 μόνιμον
1402 1987 1560 2056 εἶναι,
1583 1991 1747 2059 χωρὶς

0 2110 8 2114 -
56 2073 158 2122 τοῦ
180 2067 317 2138 μηδὲ
348 2069 655 2139 πεφυκέναι
685 2066 782 2124 ἀπ’
814 2067 1003 2126 αὐτῶν
1029 2077 1294 2140 γενναίαν
1313 2076 1520 2141 φιλίαν.
1560 2076 1656 2142 μία
1675 2068 1741 2141 δὴ

58 2154 295 2205 λείπεται
313 2156 391 2224 τῷ
408 2150 652 2224 ἡμετέρῳ
672 2151 829 2225 νόμω
853 2150 1012 2224 ὁδός,
1052 2158 1103 2210 εί
1118 2156 1303 2225 μέλλει
1330 2159 1511 2217 καλῶς
1538 2164 1743 2223 χαριεῖ-

57 2239 194 2287 σθαι
223 2233 423 2305 ἐραστῇ
449 2233 693 2290 παιδικά.
733 2238 847 2290 ἔστι
882 2235 990 2305 γὰρ
1028 2234 1160 2306 ἡμῖν
1198 2235 1395 2306 νόμος,
1435 2233 1619 2304 ὥσπερ
1657 2236 1743 2291 ἐπὶ

56 2326 169 2379 τοῖς
197 2317 444 2384 ἐρασταῖς
470 2309 543 2386 ἦν
573 2315 863 2372 δουλεύειν
891 2319 1159 2373 ἐθέλοντα
1187 2313 1455 2389 ἡντινοῦν
1485 2319 1744 2374 δουλείαν
1775 2333 1805 2375 C

12 2432 14 2434 -
56 2399 329 2462 παιδικοῖς
347 2395 421 2468 μὴ
450 2403 747 2454 κολακείαν
765 2397 904 2455 εἶναι
922 2400 1058 2471 μηδὲ
1080 2402 1484 2470 ἐπονείδιστον,
1506 2397 1655 2457 οὕτω
1674 2399 1741 2471 δὴ

57 2479 144 2533 καὶ
166 2477 303 2548 ἄλλη
323 2485 419 2548 μία
447 2480 591 2552 μόνη
612 2484 835 2537 δουλεία
856 2482 1105 2547 ἑκούσιος
1133 2488 1373 2539 λείπεται
1401 2479 1506 2539 οὐκ
1527 2485 1744 2540 ἐπονεί-

58 2563 262 2626 διστος·
291 2558 429 2632 αὕτη
450 2565 513 2618 δέ
529 2560 728 2635 ἐστινὴ
750 2565 874 2632 περὶ
893 2562 995 2635 τὴν
1013 2561 1229 2636 ἀρετήν.

198 2648 280 2699 ΧΙ.
350 2645 688 2716 Νενόμισται
723 2644 830 2716 γὰρ
866 2643 931 2717 δὴ
971 2642 1130 2718 ἡμῖν,
1171 2646 1270 2703 ἐάν
1306 2669 1387 2714 τις
1419 2648 1586 2719 ἐθέλῃ
1619 2645 1743 2702 τινὰ

58 2725 391 2794 θεραπεύειν
435 2723 746 2797 ἡγούμενος
790 2725 863 2783 δι’
908 2730 1122 2784 ἐκεῖνον
1165 2727 1410 2800 ἀμείνων
1447 2734 1673 2786 ἔσεσθαι
1706 2725 1744 2801 ἦ

58 2805 195 2863 κατὰ
216 2813 422 2878 σοφίαν
438 2806 562 2864 τινὰ
594 2804 629 2881 ἢ
648 2806 784 2864 κατὰ
806 2808 941 2866 ἄλλο
963 2807 1155 2867 ὁτιοῦν
1173 2816 1336 2883 μέρος
1356 2810 1577 2883 ἀρετῆς,
1602 2808 1741 2883 αὕτη

1909 2334 1913 2341 .
1947 2321 2028 2353 2³1...
