2028 3198
631 137 1209 187 ΠΑΡΜΕΝΙΔΗΣ.
1686 135 1756 186 49

81 280 194 327 τῶν
223 269 359 327 ὅταν
389 276 471 335 τίς
496 293 549 325 τι
576 269 720 340 λάβῃ
737 275 806 340 τῇ
826 271 1041 341 διανοίᾳ
1061 267 1136 334 οἷς
1153 291 1206 324 τι
1222 267 1438 326 τούτων
1458 267 1543 340 ὅν,
1565 269 1674 338 πρό
1697 291 1755 325 τε
1828 336 1830 338 ³

82 360 178 423 τῆς
201 352 368 423 ἀρχῆς
388 352 526 422 ἄλλη
542 349 627 406 ἀεὶ
647 355 902 420 φαίνεται
920 347 1059 421 ἀρχή
1071 393 1086 420 ,
1120 350 1255 421 μετά
1283 372 1341 406 τε
1370 350 1473 422 τὴν
1492 349 1753 423 τελευτὴν
1795 363 1831 405 Β

85 438 239 504 ἑτέρα
261 434 663 503 ὑπολειπομένη
690 432 945 502 τελευτή,
983 438 1046 488 ἒν
1068 454 1126 488 τε
1142 440 1224 508 τῷ
1242 435 1389 506 μέσῳ
1408 432 1546 489 ἄλλα
1568 439 1761 504 μεσαί-

82 538 213 585 τερα
230 523 332 572 τοῦ
349 517 521 586 μέσου
534 557 550 583 ,
582 512 911 584 σμικρότερα
931 516 1017 584 δέ,
1049 513 1137 570 διὰ
1158 513 1218 570 τὸ
1241 513 1313 586 μὴ
1338 515 1618 570 δύνασθαι
1637 511 1759 580 ἑνὸς

83 597 269 654 αὐτῶν
303 598 540 654 ἑκάστου
576 595 988 668 λαμβάνεσθαι,
1026 594 1119 652 ἆτε
1154 595 1257 652 οὐκ
1295 596 1458 663 ὄντος
1483 605 1584 652 τοῦ
1619 597 1758 663 ἑνός.

76 679 459 751 Ἀληθέστατα.
534 680 895 748 Θρύπτεσθαι
931 679 1028 751 δή,
1076 678 1252 750 οἶμαι,
1301 680 1761 749 κερματιζόμενον

83 761 301 833 ἀνάγκη
320 769 433 817 πᾶν
453 759 513 817 τὰ
537 758 631 830 ὅν,
671 758 701 816 ὃ
731 760 805 815 ἄν
830 783 912 826 τις
939 762 1083 834 λάβῃ
1102 768 1168 835 τῇ
1196 766 1428 834 διανοίᾳ.
1467 761 1631 830 ὄγκος
1653 761 1759 830 γάρ

85 866 196 901 που
224 844 363 900 ἄνευ
393 843 516 910 ένός
544 842 868 915 λαμβάνοιτ’
889 843 974 900 ἄν.
1028 844 1194 900 Πάνυ
1218 843 1318 915 μὲν
1355 836 1477 898 οὖν.
1534 841 1762 897 Οὐκοῦν

85 929 148 983 τό
175 950 239 999 γε
268 935 526 984 τοιοῦτον
550 930 849 998 πόρρωθεν
875 927 978 997 μὲν
1007 926 1209 996 ὁρῶντι
1227 927 1318 982 καὶ
1336 922 1522 997 ἀμβλὺ
1543 926 1603 979 ἓν
1625 930 1760 994 φαί-

87 1019 287 1067 νεσθαι
308 1009 539 1082 ἀνάγκη,
560 1010 802 1081 ἐγγύθεν
822 1009 989 1066 δὲκαὶ
1011 1009 1110 1076 ὀξὺ
1134 1014 1361 1064 νοοῦντι
1384 1006 1586 1078 πλήθει
1604 1006 1760 1063 ἄπει·
1799 1017 1831 1060 C

84 1116 187 1163 ρον
212 1096 273 1149 ἓν
300 1096 535 1150 ἕκαστον
564 1100 836 1165 φανῆναι,
876 1101 1027 1163 εἴπερ
1047 1097 1290 1163 στέρεται
1308 1098 1410 1147 τοῦ
1428 1089 1552 1155 ἑνὸς
1570 1088 1641 1161 μὴ
1662 1087 1762 1145 ὅν-

86 1199 204 1244 τος;
239 1174 698 1248 ’Λναγκαιότατον
736 1177 838 1248 μὲν
874 1170 995 1232 οὗν.
1049 1173 1211 1231 Οὕτω
1249 1172 1328 1258 δὴο
1344 1172 1544 1245 ἄπειρά
1580 1193 1639 1228 τε
1672 1174 1763 1228 καὶ

87 1262 255 1326 πέρας
281 1263 473 1330 ἔχοντα
504 1261 595 1315 καὶ
625 1262 684 1314 ἓν
706 1262 797 1315 καὶ
826 1257 1002 1315 πολλὰ
1031 1259 1232 1314 ἕκαστα
1261 1258 1432 1312 τᾶλλα
1463 1259 1545 1311 δεῖ
1564 1259 1753 1326 φαίνε·

89 1348 224 1396 σθαι
238 1383 252 1410 ,
292 1343 354 1396 ἓν
373 1347 424 1397 εἰ
445 1340 518 1412 μὴ
540 1346 714 1412 ἔστιν,
749 1341 888 1397 ἄλλα
909 1341 967 1396 δὲ
988 1346 1088 1395 τοῦ
1109 1341 1245 1403 ἑνός.
1304 1346 1413 1394 Δεῖ
1425 1337 1549 1407 γάρ.
1610 1333 1764 1391 Οὐκ·-

89 1429 196 1478 οῦν
226 1425 315 1479 καὶ
344 1423 508 1494 ὅμοιά
541 1446 599 1479 τε
630 1427 721 1480 καὶ
752 1422 985 1494 ἀνόμοια
1007 1421 1151 1486 δόξει
1171 1419 1334 1484 εἷναι;
1367 1425 1461 1491 Πῇ
1491 1417 1587 1488 δή;
1625 1412 1764 1472 Οἷον

91 1508 572 1577 ἐσκιαγραφημένα
590 1505 891 1562 ἀποστάντι
910 1504 1011 1574 μὲν
1027 1506 1088 1558 ἓν
1104 1502 1284 1558 πάντα
1301 1501 1611 1573 φαινόμενα
1626 1497 1763 1553 ταύ-

87 1586 190 1643 τὸν
226 1595 530 1658 φαίνεσθαι
566 1590 908 1644 πεπονθέναι
945 1587 1034 1642 καὶ
1070 1584 1230 1656 ὅμοια
1269 1584 1421 1640 εἶναι.
1483 1583 1648 1639 Πάνυ
1683 1603 1761 1654 γε.

93 1670 474 1737 Προσελθόντι
513 1674 575 1726 δέ
596 1693 657 1740 γε
693 1670 868 1726 πολλὰ
909 1672 999 1725 καὶ
1036 1670 1194 1737 ἕτερα
1230 1670 1423 1741 καὶτῷ
1452 1674 1552 1723 τοῦ
1575 1669 1763 1736 ἑτέρου
1802 1679 1833 1721 r,

90 1751 438 1822 φαντάσματι
475 1753 684 1819 ἑτεροῖα
723 1754 813 1807 καὶ
842 1749 1078 1822 ἀνόμοια
1109 1753 1334 1815 ἑαυτοῖς.
1392 1747 1599 1814 Οὕτως.
1652 1751 1764 1806 Καὶ

93 1832 319 1903 ὁμοίους
339 1837 407 1904 δὴ
437 1836 527 1889 καὶ
555 1833 854 1905 ἀνομοίους
882 1834 1013 1898 τούς
1031 1832 1233 1903 ὄγκους
1252 1832 1456 1898 αὐτούς
1475 1854 1532 1888 τε
1552 1834 1764 1896 ἑαυτοῖς

89 1914 303 1986 ἀνάγκη
322 1920 623 1985 φαίνεσθαι
643 1918 731 1972 καὶ
753 1915 1023 1987 ἀλλήλοις.
1070 1916 1235 1971 Πάνυ
1253 1915 1355 1987 μὲν
1374 1910 1494 1972 οὖν.
1533 1912 1763 1972 Οὐκοῦν

36 1996 47 2018 ”
86 1998 178 2053 καὶ
214 1995 345 2061 τούς
381 1995 585 2063 αὐτοὺς
614 2000 705 2055 καὶ
734 2000 953 2067 ἑτέρους
983 1997 1264 2070 ἀλλήλων,
1303 2001 1394 2054 καὶ
1424 1997 1764 2070 ἁπτομένους

88 2081 179 2135 καὶ
208 2081 372 2150 χωρὶς
413 2081 651 2151 ἑαυτῶν,
691 2083 779 2137 καὶ
811 2084 1174 2152 κινουμένους
1203 2081 1380 2146 πάσας
1407 2081 1649 2152 κινήσεις
1675 2083 1765 2136 καὶ

46 2208 57 2241 .·
89 2164 324 2227 ἑστῶτας
354 2162 562 2235 πάντῃ,
604 2165 696 2219 καὶ
727 2166 1091 2234 γιγνομένους
1118 2165 1209 2218 καὶ
1241 2160 1658 2233 ἀπολλυμένους
1675 2163 1767 2219 καὶ

89 2247 384 2315 μηδέτερα,
415 2246 505 2300 καὶ
530 2246 710 2301 πάντα
730 2267 840 2301 που
858 2245 923 2301 τὰ
943 2251 1199 2313 τοιαῦτα,
1225 2242 1258 2299 ἂ
1282 2247 1523 2299 διελθεῖν
1543 2242 1765 2310 εὐπετὲς
1804 2261 1837 2301 Ε.

87 2326 193 2399 ἤδη
223 2325 381 2399 ἡμῖν,
421 2333 470 2383 εἰ
501 2326 624 2392 ἑνὸς
656 2326 730 2398 μὴ
769 2327 930 2393 ὄντος
966 2325 1140 2383 πολλὰ
1170 2331 1333 2382 ἔστιν.
1400 2323 1765 2398 Ἀληθέστατα

90 2409 192 2479 μὲν
210 2403 328 2464 οὖν.

231 2493 435 2544 RVH.
495 2489 611 2545 ’Έτι
632 2491 698 2561 δὴ
725 2491 868 2557 ἅπαξ
897 2493 1156 2555 ἐλθόντες
1176 2491 1344 2548 πάλιν
1363 2494 1450 2547 ἐπὶ
1468 2490 1571 2563 τὴν
1590 2489 1765 2563 ἀρχὴν

91 2580 360 2641 εἰπωμεν,
404 2573 464 2625 ἓν
485 2577 536 2627 εἰ
555 2571 627 2642 μή
651 2577 789 2640 ἔστι,
828 2567 999 2628 τᾶλλα
1020 2576 1077 2629 δὲ
1097 2579 1199 2629 τοῦ
1219 2572 1368 2643 ἑνός,
1407 2578 1464 2629 τί
1481 2574 1581 2644 χρὴ
1607 2573 1760 2629 εἶναι.

94 2658 352 2723 Εἰπωμεν
371 2652 478 2723 γὰρ
498 2646 616 2707 οὖν.
664 2650 894 2709 Οὐκοῦν
912 2657 973 2710 ἓν
990 2655 1091 2726 μὲν
1112 2653 1213 2711 οὐκ
1235 2659 1384 2711 ἔσται
1401 2649 1587 2710 τᾶλλα.
1637 2661 1768 2719 Πῶς

93 2734 224 2805 γάρς
268 2733 415 2792 Οὐδὲ
437 2734 548 2807 μὴν
578 2737 752 2791 πολλά
775 2758 835 2806 γε
861 2758 870 2767 ·
900 2739 961 2792 έν
988 2736 1094 2807 γάρ
1111 2745 1330 2802 πολλοῖς
1349 2730 1512 2792 οὖσιν
1531 2737 1675 2806 ἐνείη
1695 2732 1767 2791 ἂν

94 2820 185 2871 καὶ
205 2819 278 2939 ἕῖι).
314 2822 363 2873 εἰ
378 2816 484 2941 γιῐὶιρ
506 2817 678 2888 μηδὲν
699 2816 885 2872 αὐτῶν
906 2821 1052 2875 ἐστὶν
1075 2820 1154 2889 ἓν,
1180 2818 1395 2875 ἅπαντα
1417 2815 1582 2873 οὐδέν
1602 2820 1764 2886 ἐστιν,

272 2908 384 2940 uno
465 2933 477 2943 .
1481 2903 1508 2943 4
