2028 3198
322 111 425 163 310
921 114 1393 164 ΠΛΑΤΩΝΟΣ
1572 90 1579 93 ”
1939 127 1996 171 40

462 251 584 301 ΣΩ.
635 239 722 302 Ἧι
742 245 848 316 ἄρα
868 249 930 301 αἱ
943 257 1200 315 γυναῖκες
1219 246 1286 302 τὰ
1318 245 1505 304 αὑτῶν
1529 251 1891 323 πράττουσιν,
1922 251 1992 308 οὐ

322 336 616 399 φιλοῦνται
634 328 742 386 ὑπὸ
763 337 877 386 τῶν
895 330 1133 399 ἀνδρῶν.

257 425 288 464 Β
465 418 576 467 AA.
636 411 754 469 Οὐκ
775 419 971 470 ἔοικεν.

457 499 581 550 ΣΩ.
641 494 784 551 Οὐδ’
811 495 921 566 ἄρα
940 500 997 552 οἱ
1021 496 1220 565 ἄνδρες
1248 494 1363 553 ὑπὸ
1388 505 1500 554 τῶν
1518 506 1827 571 γυναικῶν,
1867 492 1903 573 ᾗ
1922 500 1987 555 τὰ

317 572 517 632 αὐτῶν.

459 664 577 714 ΑΛ.
635 658 735 715 Οὔ.

453 746 577 796 ΣΩ.
635 740 776 798 Οὐδ’
797 737 871 798 αὖ
893 742 1001 812 ἄρα
1030 746 1203 819 ταύτῃ
1222 753 1507 804 οἰκοῦνται
1527 751 1587 803 αἱ
1601 747 1786 813 πόλεις
1802 791 1816 817 ,
1851 747 1989 804 ὅταν

312 820 382 876 τὰ
402 819 554 877 αὑτῶ
561 847 588 878 ν
607 825 826 881 ἕκαστοι
847 828 1184 897 πράττωσινς

458 914 573 963 ΑΛ.
636 907 801 980 Οἶμαι
817 915 986 981 ἔγωγε
999 955 1013 981 ,
1037 906 1082 967 ὦ
1097 914 1406 983 Σώκρατες.

458 995 583 1045 ΣΩ.
635 997 766 1056 Πῶς
796 1000 997 1064 λέγεις,
1047 1001 1231 1065 φιλίας
1261 994 1333 1067 μὴ
1364 997 1673 1067 παρούσης,
1711 990 1778 1067 ἧς
1804 993 1985 1065 φαμὲν

312 1076 640 1144 γιγνομένης
660 1067 725 1127 εὖ
745 1079 1012 1130 οἰκεῖσθαι
1036 1075 1131 1141 τὰς
1151 1076 1360 1147 πόλεις,
1389 1077 1565 1141 ἄλλως
1586 1077 1644 1133 δὲ
1663 1076 1756 1141 οὔ;

460 1161 572 1210 ΑΛ.
624 1154 788 1212 Ἀλλά
819 1178 912 1227 μοι
952 1161 1107 1213 δοκεῖ
1131 1160 1221 1215 καὶ
1251 1158 1386 1215 κατὰ
1418 1167 1580 1215 τοῦτο
1618 1156 1804 1222 αὐτοῖς
1833 1160 1988 1227 φιλία

317 1239 698 1309 ἐγγίγνεσθαι,
721 1238 805 1294 ὅτι
824 1239 889 1294 τὰ
911 1238 1097 1295 αὑτῶν
1116 1242 1362 1310 ἑκάτεροι
1382 1259 1730 1310 πραττουσιν.

227 1325 264 1367 C
453 1326 575 1375 ΣΩ.
638 1319 804 1377 Οὐκ’
779 1343 901 1392 αρτι
920 1345 1005 1392 γε·
1035 1329 1146 1379 νῦν
1166 1326 1225 1379 δὲ
1255 1345 1371 1388 πως
1400 1327 1470 1378 αὐ
1494 1325 1693 1394 λε’γεις;
1727 1320 1987 1392 ὁμονοίας

317 1401 389 1472 μὴ
419 1403 811 1474 ἐγγιγνομένης
841 1411 996 1507 φιλία
1028 1407 1360 1476 ἐγγιγνεται;
1415 1402 1451 1475 ἦ
1480 1405 1602 1460 οἱόν
1632 1426 1688 1459 τε
1718 1402 1983 1474 ὁμόνοιαν

309 1489 608 1555 γίγνεσθαι
630 1508 709 1541 ων
731 1490 788 1541 οἱ
802 1488 900 1557 μὲν
920 1495 1068 1542 ἴσασι
1086 1488 1207 1554 περὶ
1230 1487 1461 1557 τούτων,
1484 1508 1535 1541 οι
1524 1483 1607 1540 ’δ’
1629 1483 1725 1541 οὕ·
1711 1527 1726 1552 ,

460 1573 575 1622 ΑΛ.
626 1565 940 1623 Ἀδύνατον.

455 1655 580 1706 ΣΩ.
653 1656 858 1707 Δίκαια
880 1652 937 1708 δὲ
957 1651 1293 1721 πράττουσιν
1311 1647 1346 1721 ἦ
1366 1649 1545 1722 ἄδικα,
1560 1647 1696 1704 ὅταν
1714 1648 1780 1704 τὰ
1801 1646 1988 1704 αὐτῶν

308 1734 534 1789 ἕκαστοι
554 1733 893 1804 πράττωσιν;

464 1820 579 1868 AA.
636 1820 866 1870 Δίκαια·
905 1822 1020 1880 πῶς
1037 1814 1144 1886 γὰρ
1165 1816 1263 1883 οὕς

458 1901 581 1951 ΣΩ.
645 1895 724 1950 Τὰ
762 1899 943 1950 δίκαια
972 1891 1078 1951 οὖν
1114 1896 1468 1965 πραττόντων
1504 1898 1565 1949 ἐν
1594 1900 1660 1966 τῇ
1690 1892 1844 1948 πόλει
1873 1897 1987 1946 τῶν

316 1982 560 2032 πολιτῶν
583 1982 738 2047 φιλία
760 1974 863 2032 οὐκ
883 1980 1188 2048 ἐγγίγνεται
1207 1975 1344 2044 πρὸς
1363 1975 1660 2045 ἀλλήλους
1647 2015 1662 2040 ,

463 2065 579 2115 AA.
629 2057 862 2130 Ἀνάγκη
885 2062 956 2114 αὐ
978 2081 1069 2129 μοι
1090 2063 1244 2114 δοκεῖ
1259 2057 1423 2129 εἶναι,
1445 2060 1487 2113 ὦ
1509 2057 1818 2154 Σώκρατες.

458 2146 582 2196 ΣΩ.
648 2146 781 2196 Τίνα
813 2143 919 2195 οὑν
947 2142 1075 2196 ποτὲ
1103 2141 1276 2210 λέγεις
1296 2137 1395 2211 τὴν
1426 2144 1614 2209 φιλίαν
1644 2134 1679 2208 ἢ
1700 2135 1985 2207 ὁμόνοιαν,

254 2235 288 2276 D
319 2226 443 2294 περὶ
461 2217 526 2295 ἧς
547 2219 672 2278 ffez‘
648 2229 786 2292 ημᾶς
806 2222 1020 2293 σοφούς
1040 2244 1097 2277 τε
1123 2221 1263 2277 εἶναι
1281 2222 1372 2277 καὶ
1390 2219 1748 2292 εὐβούλους,“”
1734 2222 1824 2274 ίνα
1849 2216 1987 2289 ἄγα-

318 2306 417 2361 θοὶ
436 2304 633 2373 ἄνδρες
655 2297 829 2374 &ptem
866 2302 935 2358 οὐ
953 2302 1060 2375 γὰρ
1082 2303 1325 2374 δύναμαι
1343 2311 1546 2374 μαθεῖν
1577 2298 1701 2356 οὔθ’
1723 2299 1842 2372 ἥτις
1862 2298 1979 2356 οὔτ’

318 2389 379 2442 ἐν
400 2382 620 2441 οἷστισι·
655 2389 774 2441 τοτὲ
803 2385 904 2456 μὲν
932 2384 1039 2457 γὰρ
1070 2389 1130 2442 ἐν
1159 2398 1271 2450 τοῖς
1290 2385 1475 2450 αὐτοῖς
1495 2389 1746 2456 φαίνεται
1766 2387 1983 2451 ἐνοῦσα,

316 2468 436 2524 τοτὲ
458 2466 509 2522 δ’
534 2466 628 2538 οὔ,
652 2465 724 2532 ὡς
743 2470 801 2522 ἐκ
822 2474 923 2522 τοῦ
943 2475 1047 2523 σοῦ
1066 2469 1250 2538 λόγου.

458 2554 636 2604 ΧΧΙΙΙ.
714 2556 824 2604 ΑΛ.
876 2547 1038 2605 Ἀλλά
1073 2547 1146 2619 μοὶ
1183 2547 1314 2614 τοὺς
1349 2550 1546 2618 θεούς,
1594 2542 1638 2603 ὦ
1673 2549 1983 2616 Σώκρατες,

320 2629 444 2687 οὐδ’
471 2628 638 2695 αὐτὸς
658 2629 778 2685 οἶδα
799 2629 831 2685 ὅ
851 2653 900 2685 τι
919 2633 1058 2701 λέγω
1073 2674 1086 2700 ,
1119 2632 1430 2687 κινδυνεύω
1453 2632 1619 2687 δὲκαὶ
1639 2631 1805 2685 πάλαι
1823 2635 1984 2697 λελη-

318 2716 484 2769 θέναι
503 2710 743 2783 ἐμαυτὸν
762 2720 1009 2782 αἴσχιστα
1030 2717 1182 2783 ἔχων.

455 2800 580 2848 Σῼ.
634 2791 789 2849 Ἀλλὰ
809 2792 909 2865 χρὴ
930 2802 1178 2863 θαρρεῖν.
1220 2799 1269 2849 εί
1285 2795 1387 2864 μὲν
1404 2791 1510 2864 γὰρ
1529 2788 1662 2846 αὐτὸ
1683 2790 1870 2863 ᾔσθου
1890 2810 1989 2845 πε-
