2028 3198
193 135 300 188 318
797 136 1276 186 ΠΛΑΤΩΝΟΣ
1809 143 1872 189 48

335 277 450 326 ΑΛ.
499 269 726 340 Ὀρθῶς.

333 357 459 407 Σῼ,
517 356 591 406 Ec
616 350 725 421 ἄρα
753 373 835 416 τις
863 353 1094 421 γέγονεν
1125 349 1351 422 ἐραστὴς
1386 356 1488 407 τοῦ
1519 349 1866 424 Ἀλκιβιάδου

195 432 441 503 σώματος
457 475 471 502 ,
495 431 598 488 οὐκ
613 431 960 504 Ἀλκιβιάδου
978 430 1199 504 ἠράσθη
1214 473 1229 501 ,
1260 430 1399 489 άλλά
1427 454 1576 499 τινος
1593 440 1706 490 ταῖν
1741 431 1865 490 Ἀλ-

194 513 464 584 κιβιάδου.

339 601 453 652 ΑΛ.
507 594 713 667 Ἀληθῆ
737 597 921 666 λέγεις.

327 682 450 734 ΣΩ.
494 676 678 742 Ὅστις
698 679 762 733 δέ
777 696 882 732 σου
899 683 995 748 τῆς
1015 685 1191 751 ψυχῆς
1209 681 1334 750 ἐρᾷς

334 766 450 815 ΑΛ.
497 758 729 830 Ἀνάγκη
751 764 1004 830 φαίνεται
1022 763 1083 816 ἐκ
1103 768 1206 817 τοῦ
1226 763 1414 832 λόγου.

333 847 458 897 ΣΩ.
518 839 748 897 Οὐκοῦν
778 839 806 896 ὁ
836 841 938 912 μὲν
966 848 1070 898 τοῦ
1098 844 1350 915 σώματός
1369 861 1474 899 σου
1493 845 1655 915 ἐρῶν,
1679 842 1859 916 ἐπειδὴ

193 922 347 994 λήγει
367 920 618 994 ἀνθοῦν,
642 921 823 978 ἀπιών
842 931 1067 994 οἰ’χεται;

338 1011 451 1060 ΑΛ.
511 1010 783 1060 Φαίνεται.

106 1108 142 1150 D
333 1093 458 1143 ΣΩ,
506 1084 566 1142 Ὁ
587 1088 651 1142 δέ
677 1108 740 1157 γε
770 1094 865 1158 τῆς
893 1095 1067 1159 ψυχῆς
1097 1090 1240 1156 ἐρῶν
1260 1087 1363 1145 οὐκ
1386 1089 1630 1159 ἄπεισιν,
1669 1090 1771 1154 ἕως
1793 1085 1863 1144 ἄν

193 1171 278 1226 ἐπὶ
295 1168 355 1224 τὸ
376 1171 595 1241 βέλτιον
616 1176 698 1241 ἴῃς

339 1256 452 1306 ΑΛ.
502 1250 666 1313 Είκός
686 1271 762 1320 γε.

332 1337 458 1388 ΣΩ.
516 1330 747 1388 Οὐκοῦν
774 1331 883 1402 ἐγώ
914 1335 1022 1401 εἰμι
1050 1329 1078 1387 ὁ
1120 1331 1223 1388 οὐκ
1252 1331 1435 1389 ἀπιών
1453 1331 1591 1389 άλλοὶ
1614 1337 1861 1404 παραμέ-

193 1437 310 1470 νων
337 1415 604 1485 λήγοντος
632 1420 734 1469 τοῦ
752 1413 1002 1485 σώματος
1015 1456 1030 1485 ,
1048 1421 1182 1470 ,τῶν
1201 1415 1388 1472 ἄλλων
1406 1414 1860 1487 ἀπεληλυθότων.

333 1503 449 1552 AA.
504 1490 592 1553 Εὖ
610 1518 673 1567 γε
693 1502 895 1566 ποιῶν,
922 1489 966 1551 ὦ
983 1495 1279 1567 Σώκρατες
1293 1519 1304 1531 ·
1328 1499 1416 1553 καὶ
1437 1495 1509 1568 μὴ
1525 1497 1802 1560 ἀπέλθοις.

329 1585 454 1634 ΣΩ.
510 1584 828 1649 Προθυμοῦ
845 1584 1038 1634 τοίνυν
1059 1576 1092 1632 ὅ
1111 1600 1161 1632 τι
1180 1578 1468 1642 κάλλιστος
1487 1575 1640 1632 εἶναι.

330 1667 446 1720 ΑΛ.
498 1658 656 1716 Ἀλλὰ
677 1661 1124 1731 προθυμήσομαι,

328 1749 528 1800 XXVII.
604 1748 728 1797 252.
775 1740 870 1806 Ὡς
910 1740 1056 1796 οὕτω
1097 1744 1162 1811 γε’
1195 1758 1283 1797 σοι
1319 1745 1445 1811 ἔχει·
1496 1740 1605 1797 οὔτ’
1633 1740 1858 1813 ἐγένεθ’,

5 1849 10 1856 ·
100 1847 134 1888 Ε
192 1824 264 1890 ὡς
282 1828 477 1892 ἔοικεν,
493 1823 808 1896 Ἀλκιβιάδῃ
828 1831 906 1896 τῷ
917 1829 1177 1879 Κλεινίου
1197 1822 1427 1895 ἐραστὴς
1446 1821 1556 1879 οὔτ’
1574 1829 1722 1880 ἔστιν
1743 1822 1858 1879 ἀλλ’

188 1902 262 1970 εἷς
281 1905 468 1976 μόνος,
492 1907 581 1960 καὶ
601 1898 763 1970 οὗτος
783 1904 1076 1975 ἀγαπητός,
1089 1906 1390 1976 Σωκράτης
1408 1903 1437 1961 ὁ
1450 1913 1860 1978 Σωφρονίσκου

186 1990 277 2043 καὶ
296 1989 648 2058 Φαιναρέτης.

333 2075 448 2125 ΑΛ.
498 2066 722 2139 Ἀληθῆ.

325 2155 448 2206 ΣΩ.
512 2149 739 2205 Οὐκοῦν
758 2153 979 2220 ἔφησθα
1009 2149 1242 2220 σμικρὸν
1272 2156 1494 2221 φθῆναί
1524 2172 1590 2221 με
1620 2157 1855 2220 προσελ-

185 2231 363 2288 θόντα
382 2249 469 2288 σοι
483 2275 498 2306 ,
520 2233 633 2288 ἐπεὶ
652 2232 916 2303 πρότερος
935 2231 1006 2287 ἄν
1024 2253 1116 2303 μοι
1135 2239 1495 2303 προσελθεῖν,
1516 2233 1857 2304 βουλόμενος

186 2317 487 2385 πυθέσθαι,
511 2312 573 2369 δι’
599 2313 634 2370 ὅ
650 2337 702 2370 τι
722 2315 892 2386 μόνος
912 2313 1014 2371 οὐκ
1035 2313 1362 2387 άπέρχομαι;

326 2402 442 2452 ΑΛ.
490 2390 591 2451 Ἦν
607 2395 712 2466 γάρ
731 2395 920 2462 οὕτως.

322 2483 447 2534 ΣΩ.
507 2483 685 2533 Τοῦτο
726 2485 917 2534 τοίνυν
945 2487 1148 2551 αἴτιον,
1188 2479 1272 2536 ὅτι
1309 2480 1480 2551 μόνος
1515 2476 1746 2551 ἐραστὴς
1781 2473 1818 2550 ἦ
1822 2502 1854 2533 v

185 2560 307 2631 σός,
329 2565 384 2616 oc
399 2557 449 2615 δ’
477 2558 634 2616 ἄλλοι
653 2566 764 2616 τῶν
784 2568 924 2617 σῶν·
957 2563 1023 2617 τὰ
1046 2565 1102 2617 δὲ
1122 2560 1191 2617 σά
1211 2561 1363 2632 λήγει
1385 2561 1558 2634 ὥρας,
1580 2561 1650 2617 σύ
1673 2560 1723 2617 δ’
1749 2561 1853 2631 ἅρ-

73 2665 154 2711 132
184 2663 265 2712 χει
285 2641 497 2698 ἀνθεῖν.
549 2645 639 2698 καὶ
670 2650 774 2697 νῦν
803 2665 864 2714 γε
886 2640 958 2698 ἂν
978 2643 1051 2714 μὴ
1083 2648 1400 2717 διαφθαρῇς
1428 2642 1538 2700 ὑπὸ
1559 2650 1661 2699 τοῦ
1682 2641 1851 2712 Ἀθη-

186 2728 358 2779 ναίων
378 2723 556 2795 δήμου
574 2726 665 2780 καὶ
687 2730 911 2795 αἰσχίων
931 2728 1081 2797 γένῃ,
1103 2725 1170 2781 οὐ
1191 2726 1265 2796 μή
1286 2745 1347 2781 σε
1366 2724 1630 2781 άπολίπω.
1686 2729 1849 2778 τοῦτο

185 2806 289 2875 γὰρ
319 2805 384 2876 δὴ
406 2806 640 2876 μάλιστα
669 2808 773 2877 ἐγώ
796 2814 1103 2879 φοβοῦμαι,
1142 2807 1214 2878 μὴ
1239 2807 1575 2879 δημεραστὴς
1605 2803 1737 2876 ἡμῖν
1756 2826 1847 2874 γε·
