2028 3198
601 161 1185 209 ΠΑΡΜΕΝΙΔΗΣ.
1662 161 1730 212 25

54 292 223 349 ἅπασι
243 304 356 358 τοῖς
373 297 562 365 μέρεσι
579 291 640 348 τὸ
662 290 800 348 ὅλον
821 291 927 347 οὐκ
945 291 1156 365 ἀνάγκη
1176 297 1237 350 έν
1256 295 1420 368 ἑτέρῳ
1440 297 1547 352 τινὶ
1569 294 1728 365 εἶναι,

56 374 89 444 ἧ
110 378 369 446 μηδαμοῦ
386 380 464 431 ἔτι
484 373 651 438 εἶναι;
684 370 936 444 Ἀνάγκη.
1017 373 1246 431 Οὐκοῦν
1263 381 1521 449 μηδαμοῦ
1541 377 1645 449 μὲν
1662 374 1730 434 ὂν
1759 388 1794 430 Ε

54 456 222 514 οὐδὲν
241 454 313 513 ἂν
332 466 433 529 εἴη,
454 455 591 513 ὅλον
609 456 669 513 δὲ
690 454 775 527 ὅν,
796 454 981 527 ἐπειδὴ
1002 456 1105 512 οὐκ
1124 461 1183 512 ἐν
1202 455 1353 531 αὐτῷ
1371 461 1536 529 ἐστίν,
1557 457 1733 530 ἀνάγ-

53 561 123 609 κη
142 541 202 594 έν
221 536 371 613 ἄλλῳ
391 537 560 606 εἶναις
597 537 764 594 Πάνυ
780 559 859 609 γε.
926 531 1015 594 ‘Hc
1033 537 1134 608 μὲν
1160 538 1267 609 ἄρα
1285 539 1346 596 τὸ
1375 543 1436 596 ἓν
1466 540 1630 611 ὅλον,
1674 544 1734 596 έν

52 619 202 695 ἄλλῳ
229 622 403 677 ἐστίν·
438 614 479 694 ᾗ
507 620 567 678 δὲ
582 619 648 676 vo}
669 621 851 676 πάντα
880 624 1017 692 μέρη
1039 619 1174 676 ὄντα
1193 622 1475 694 τυγχάνει,
1515 621 1650 679 αὐτὸ
1674 625 1734 679 ἐν

53 704 230 776 ἑαυτῷ
246 726 257 737 ·
297 703 388 758 καὶ
405 702 554 759 οὕτω
573 701 635 759 τό
655 705 717 758 ἓν
734 701 950 774 ἀνάγκη
970 700 1108 758 αὐτό
1127 723 1186 757 τε
1204 704 1264 757 ἐν
1284 704 1463 777 ἑαυτῷ
1484 703 1624 760 εἶναι
1643 706 1734 761 καὶ

53 786 115 840 ἐν
149 784 331 858 ἑτέρῳ.
386 782 639 857 Ἀνάγκη.
698 783 865 841 Οὕτω
901 783 968 855 δὴ
1010 782 1262 855 πεφυκὸς
1295 782 1356 839 τὸ
1397 787 1459 840 ἓν
1497 780 1586 852 ἀρ’
1629 785 1732 842 οὐκ

55 864 270 936 ἀνάγκη
290 868 381 922 καὶ
399 875 677 923 κινεῖσθαι
695 869 787 923 καὶ
807 866 1053 931 ἑστάναις
1089 873 1182 939 Πῇ
1193 891 1207 934 ;
1232 865 1462 938 “Eamus
1481 869 1584 938 μέν
1603 889 1731 938 που,

53 955 207 1016 εἰπερ
237 946 372 1004 αὐτὸ
404 952 467 1006 ἐν
495 950 675 1023 ἑαυτῷ
701 952 863 1005 ἐστίν.
903 952 966 1005 ἐν
993 948 1102 1020 γὰρ
1134 950 1215 1005 ἑνὶ
1244 945 1311 1004 ὂν
1340 951 1430 1005 καὶ
1450 951 1510 1005 ἐκ
1530 950 1734 1006 τούτου

51 1028 127 1100 μὴ
146 1035 483 1102 μεταβαῖνον
499 1033 562 1086 ἐν
581 1035 658 1105 τῷ
678 1029 828 1104 αὐτῷ
850 1027 923 1086 ἂν
941 1039 1024 1102 εἴη
1037 1073 1052 1101 ,
1090 1034 1151 1097 ἐν
1169 1031 1362 1104 ἑαυτῷ.
1422 1031 1575 1087 ’Ἐστι
1609 1033 1733 1103 γάρ.

60 1112 134 1166 Τὸ
161 1114 224 1166 δέ
236 1133 299 1182 γε
318 1115 379 1167 ἐν
396 1118 474 1186 τῷ
492 1111 646 1188 αὐτῷ
661 1111 745 1170 ἀεὶ
765 1109 833 1169 ὂν
856 1111 1008 1178 ἑστὸς
1038 1113 1220 1184 δήπου
1238 1111 1452 1186 ἀνάγκη
1473 1112 1555 1169 ἀεὶ
1578 1112 1732 1171 εἶναι.

54 1191 220 1248 Πάνυ
255 1214 334 1263 γε.
413 1199 483 1250 Τι’
517 1197 604 1262 δέ;
640 1193 702 1250 τὸ
741 1198 801 1250 ἐν
840 1197 1005 1269 ἑτέρῳ
1047 1193 1132 1251 ἀεὶ
1168 1193 1238 1252 ὂν
1277 1194 1346 1252 οὐ
1382 1196 1444 1252 τὸ
1484 1199 1735 1252 ἐναντίον

57 1273 271 1346 ἀνάγκη
292 1274 554 1346 μηδέποτ’
577 1279 639 1332 ἐν
657 1283 732 1349 τῷ
753 1275 907 1351 αὐτῷ
929 1277 1092 1347 εἶναι,
1114 1280 1385 1350 μηδέποτε
1410 1280 1469 1335 δὲ
1489 1275 1557 1335 ὂν
1580 1280 1640 1334 ἐν
1657 1283 1734 1350 τῷ

55 1353 205 1429 αὐτῷ
222 1357 358 1428 μηδὲ
373 1357 613 1429 ἑστάναι,
633 1358 708 1429 μὴ
723 1357 879 1423 ἑστὸς
894 1362 953 1415 δὲ
969 1368 1270 1426 κινεῖσθαι;
1294 1359 1503 1426 Οὕτως,
1535 1358 1734 1429 Ἀνάγ-

54 1459 120 1507 κη
154 1436 261 1505 ἄρα
291 1438 353 1492 τὸ
385 1438 474 1508 ἓν,
513 1436 651 1495 αὐτό
671 1460 728 1494 τε
747 1442 808 1495 ἐν
827 1441 1004 1514 ἑαυτῷ
1027 1438 1111 1497 ἀεὶ
1131 1437 1199 1497 ὂν
1218 1443 1310 1498 καὶ
1327 1445 1389 1497 ἐν
1416 1444 1610 1515 ἑτέρῳ,
1650 1439 1735 1495 ἀεὶ

55 1525 339 1575 κινεῖσθαί
369 1542 427 1577 τε
465 1522 557 1577 καὶ
595 1522 834 1578 ἑστάναι.
911 1529 1185 1579 Φαίνεται.
1259 1526 1367 1579 Καὶ
1396 1522 1509 1595 μὴν
1526 1520 1735 1579 ταύτόν

54 1622 115 1670 γε
134 1605 218 1657 δεῖ
236 1600 376 1658 εἶναι
394 1601 530 1660 αὐτὸ
552 1604 730 1678 ἑαυτῷ
748 1606 838 1661 καὶ
858 1606 1048 1676 ἕτερον
1068 1606 1286 1674 ἑαυτοῦ,
1308 1607 1527 1670 καὶτοῖς
1547 1602 1734 1668 ἄλλοις
1760 1622 1795 1663 Β

57 1679 319 1749 ὡσαύτως
336 1683 543 1740 ταύτόν
562 1707 618 1741 τε
638 1686 732 1742 καὶ
750 1687 941 1757 ἕτερον
969 1684 1135 1755 εἶναι,
1174 1694 1326 1755 εἰπερ
1365 1688 1457 1742 καὶ
1491 1682 1559 1741 τά
1596 1682 1738 1755 πρό-

57 1771 200 1819 σθεν
235 1769 536 1822 πέπονθεν.
609 1773 767 1833 Πῶς;
799 1774 927 1823 Πᾶν
963 1788 1073 1823 που
1109 1768 1248 1839 πρὸς
1283 1767 1433 1823 ἅπαν
1462 1760 1572 1822 οἶδε
1603 1771 1734 1836 ἔχει·

55 1843 90 1916 ἦ
110 1844 315 1903 ταύτόν
334 1848 482 1903 ἐστιν
500 1844 536 1919 ἢ
555 1849 771 1918 ἕτερον·
809 1845 847 1919 ἦ
874 1847 973 1904 ἐάν
1002 1847 1075 1920 μὴ
1096 1847 1303 1906 ταύτὸν
1321 1843 1358 1922 ᾗ
1376 1846 1504 1920 μηδ’
1529 1848 1736 1918 ἕτερον,

53 1930 218 1998 μέρος
236 1924 308 1984 ἀν
327 1937 408 2002 εἴη
429 1930 661 2001 τούτου,
682 1928 820 1998 πρὸς
838 1928 871 1987 ὂ
889 1929 1067 1997 οὕτως
1087 1935 1217 2003 ἔχει,
1238 1927 1275 2002 ἦ
1304 1928 1376 1996 ὥς
1406 1926 1546 2000 πρὸς
1574 1930 1738 2000 μέρος

54 2009 189 2067 ὅλον
216 2006 289 2066 ἀν
319 2018 419 2083 εἴη.
496 2016 773 2068 Φαίνεται.
840 2007 960 2080 'Ao'
983 2006 1088 2068 οὖν
1107 2011 1168 2069 τὸ
1195 2015 1258 2068 ἓν
1284 2011 1419 2068 αὐτὸ
1445 2010 1622 2068 αὑτοῦ
1642 2015 1738 2082 μέ-

55 2114 152 2163 ρος
187 2094 363 2159 {atim
415 2091 706 2165 Οὐδαμῶς.
784 2092 922 2150 Οὐδ’
967 2093 1076 2165 ἄρα
1113 2091 1186 2160 ὡς
1223 2094 1360 2164 πρὸς
1398 2097 1562 2165 μέρος
1601 2089 1736 2147 αὐτὸ

0 2183 1 2186 ’
54 2171 229 2230 αὑτοῦ
250 2172 387 2230 ὅλον
405 2170 478 2230 ἀν
497 2183 609 2247 εἰη,
648 2173 986 2244 πρὸς-ἑαυτὸ
1025 2179 1190 2247 μέρος
1225 2174 1307 2231 ὅν.
1383 2173 1470 2230 Οὐ
1487 2174 1594 2244 γάρ
1618 2170 1740 2230 οἷόν

54 2276 125 2311 τε.
197 2254 343 2312 Ἀλλ’
377 2251 483 2326 ἆρα
512 2258 703 2328 ἕτερόν
723 2260 872 2315 ἐστιν
892 2255 1015 2321 ἑνὸς
1034 2255 1095 2311 τὸ
1115 2256 1205 2324 ἕν;
1243 2253 1328 2312 Οὐ
1362 2260 1512 2327 δῆτα.
1591 2254 1732 2312 Οὐδ’

56 2337 164 2407 ἄρα
182 2339 385 2395 ἑαυτοῦ
404 2360 465 2408 γε
486 2338 677 2407 ἕτερον
696 2337 766 2395 ἀν
798 2347 896 2410 εἴη.
973 2335 1058 2393 Οὐ
1086 2339 1288 2409 μέντοι.
1363 2343 1436 2395 Εἰ
1461 2332 1569 2395 οὖν
1601 2337 1734 2410 μήτε

56 2417 246 2486 ἕτερον
265 2419 410 2489 μήθ’
432 2419 567 2476 ὅλον
586 2421 722 2493 μήτε
742 2425 904 2492 μέρος
923 2417 1059 2475 αὐτὰ
1079 2418 1218 2492 πρὸς
1236 2420 1400 2477 ἑαυτό
1419 2423 1596 2492 ἐστιν,
1631 2418 1734 2476 οὐκ

55 2499 271 2570 ἀνάγκη
299 2500 405 2572 ἤδη
426 2499 632 2558 ταύτὸν
657 2501 796 2558 εἶναι
818 2500 954 2558 αὐτὸ
975 2502 1179 2576 ἑαυτῷς
1225 2501 1475 2575 Ἀνάγκη.
1557 2508 1625 2559 Τι’
1650 2505 1734 2565 ὃέ;

56 2579 116 2637 τὸ
144 2581 374 2650 ἑτέρωθι
404 2578 473 2636 ὂν
501 2581 635 2638 αὐτὸ
659 2585 861 2639 ἑαυτοῦ
890 2586 950 2639 έν
971 2590 1048 2658 τῷ
1078 2580 1228 2659 αὐτῷ
1250 2583 1411 2651 ὄντος
1432 2586 1611 2658 ἑαυτῷ
1629 2581 1732 2639 οὐκ

56 2660 271 2734 ἀνάγκη
312 2661 447 2718 αὐτὸ
494 2665 699 2720 ἑαυτοῦ
734 2666 924 2734 ἕτερον
960 2664 1127 2736 εἶναι,
1176 2674 1328 2737 εἴπερ
1376 2668 1466 2722 καὶ
1505 2667 1733 2734 ἑτέρωθι

9 2762 19 2804 ‘.
57 2748 235 2809 ἔσταις
260 2742 479 2815 Ἔμοιγε
512 2748 677 2800 δοκεῖ.
755 2744 919 2803 Οὕτω
938 2745 1051 2819 μὴν
1070 2747 1250 2819 ἐφάνη
1269 2751 1394 2818 ἔχον
1412 2745 1474 2803 τὸ
1495 2748 1577 2814 ἓν,
1597 2743 1733 2801 αὐτό

56 2846 110 2882 τε
131 2828 192 2882 ἐν
213 2828 391 2899 ἑαυτῷ
410 2823 478 2882 ὂν
508 2825 621 2897 ἅμα
652 2829 739 2883 καὶ
772 2830 832 2884 ἐν
852 2829 1031 2903 ἑτέρῳ.
1098 2827 1307 2899 Ἐφάνη
1326 2828 1447 2899 γάρ.
1509 2825 1738 2896 Ἕτερον

1767 2270 1801 2315 0
