2028 3198
258 143 330 197 64
865 148 1039 194 HAA
1057 147 1342 196 T521v0>3

394 285 563 335 ΠΡΩι.
622 277 830 342 Οὕτως.

395 366 519 416 Σῼ.
583 365 710 414 Τῶν
741 360 804 414 δέ
825 380 889 429 γε
921 363 998 422 εἰς
1026 356 1130 430 τὴν
1148 362 1414 431 διαίρεσιν
1436 367 1602 419 εἰδῶν
1620 360 1822 436 ἡδονῆς
1841 363 1942 420 οὐ·

257 442 350 497 δὲν
368 445 445 495 ἔτι
465 441 925 511 προσδεησόμεθα
946 437 1057 494 κατ’
1081 439 1221 512 ἐμὴν
1243 443 1425 509 δόξαν.
1448 442 1648 513 προϊὸν
1666 441 1720 502 δ’
1742 452 1819 502 ἔτι
1838 463 1942 501 σα-

257 525 526 593 φέστερον
547 524 720 587 δείξει.

394 607 566 659 ΠΡΩ.
620 602 903 659 Κάλλιστα
924 602 1097 658 εἰπών
1116 604 1262 660 οὕτω
1283 608 1374 662 καὶ
1395 611 1722 678 διαπεραινε.

398 691 524 741 ΣΩ.
579 683 780 756 Σμίκρ’
807 684 938 739 ἅττα
967 691 1495 757 τοίνυνῖἔμπροσθεν
1514 694 1592 744 ε”τι
1611 693 1937 760 διομολογη-

255 767 496 838 σώμεθα.

394 854 565 904 ΠΡΩ.
627 850 706 903 Τὰ
727 859 883 913 ποῖα;

393 941 515 991 ΣΩ.
575 932 691 1004 Τὴν
719 931 973 1003 τάγαθοῦ
1001 946 1201 1004 μοῖραν
1230 934 1467 1006 πότερον
1501 933 1715 1005 ἀνάγκη
1750 937 1936 991 τέλεον

185 1034 220 1074 D
251 1013 287 1088 ἢ
306 1017 379 1088 μὴ
399 1020 586 1071 τέλεον
607 1015 771 1079 εἷναι;

390 1104 562 1153 ΠΡΩ.
617 1096 860 1152 Πάντων
880 1097 948 1166 δή
969 1118 1078 1152 που
1100 1098 1457 1168 τελεώτατον,
1491 1092 1534 1152 ὦ
1553 1105 1861 1166 Σωκρατες.

390 1185 516 1235 ΣΩ.
578 1185 646 1234 Τί
662 1180 724 1233 δέ
733 1202 745 1243 ;
778 1178 975 1234 ἰκανὸν
993 1178 1272 1249 τάγαθόν;

332 1326 336 1333 f
391 1267 561 1317 ΠΡῼ.
614 1266 745 1324 Πῶς
774 1259 880 1330 γάρ
912 1260 1011 1328 οὕς
1051 1264 1142 1316 καὶ
1171 1260 1395 1316 πάντων
1426 1282 1488 1330 γε
1519 1266 1592 1324 εἰς
1620 1267 1781 1316 τοῦτο
1814 1264 1929 1314 δια-

252 1345 444 1413 φέρειν
463 1348 576 1397 τῶν
598 1340 793 1396 ὄντων.

395 1429 517 1479 ΣΩ.
581 1423 719 1478 Τόδε
740 1444 802 1492 γε
821 1423 959 1493 μήν,
992 1420 1066 1486 ὠς
1087 1422 1262 1494 οἶμαι,
1295 1425 1418 1493 περὶ
1437 1421 1614 1479 αὐτοῦ
1634 1422 1932 1494 ἀναγκαιό-

249 1528 414 1561 τατον
445 1505 585 1560 εἶναι
613 1507 820 1574 λέγειν,
863 1502 936 1568 ὥς
965 1510 1076 1559 πᾶν
1105 1505 1165 1560 τὸ
1197 1513 1510 1576 γιγνῶσκον
1539 1503 1672 1560 αὐτὸ
1704 1504 1933 1575 θηρεύει

249 1590 339 1642 καὶ
366 1589 575 1657 ἐφίεται
602 1586 952 1656 βουλόμενον
982 1587 1124 1642 ἑλεῖν
1155 1590 1244 1642 καὶ
1279 1589 1402 1656 περὶ
1431 1585 1564 1642 αὐτὸ
1604 1586 1929 1656 κτήσασθαι,

253 1671 475 1724 καὶτῶν
495 1667 680 1722 ἄλλων
700 1666 868 1723 οὐδὲν
885 1674 1160 1738 φροντίζει
1180 1667 1324 1739 πλὴν
1341 1676 1453 1723 τῶν
1471 1667 1928 1739 ἀποτελουμένων

250 1748 360 1819 ὅίμα
382 1747 627 1818 ἀγαθοῖς.

388 1836 557 1884 ΠΡῼ.
621 1827 742 1884 Οὐκ
763 1833 876 1884 ἔστι
895 1831 1111 1893 τούτοις
1130 1829 1419 1886 άντειπεῖν.

186 1924 221 1964 Ε
389 1916 516 1967 ΣΩ.
571 1917 885 1981 Σκοπῶμεν
917 1908 982 1980 δὴ
1014 1912 1104 1965 καὶ
1123 1916 1399 1981 κρίνωμεν
1418 1911 1517 1966 τόν
1539 1933 1595 1965 τε
1615 1909 1818 1983 ἡδονῆς
1839 1915 1928 1967 καὶ

247 1992 349 2049 τὸν
367 1993 692 2064 φρονήσεως
709 1998 834 2064 βίον
855 1993 1064 2056 ἰδόντες
1084 2000 1262 2062 χωρίς.

386 2081 553 2130 ΠΡΩ.
604 2080 736 2138 Πῶς
757 2073 929 2141 εἶπες;

384 2162 509 2212 ΣΩ.
561 2157 723 2226 Μήτε
754 2159 814 2212 ἐν
833 2164 910 2230 τῷ
929 2163 1024 2227 τῆς
1042 2153 1248 2227 ἡδονῆς
1266 2158 1467 2210 ἐνέστω
1489 2156 1773 2227 φρόνησις,
1795 2156 1926 2226 μήτε

246 2242 305 2293 ἐν
322 2244 396 2312 τῷ
416 2245 509 2308 τῆς
529 2236 850 2308 φρονήσεως
864 2236 1055 2309 ἡδονή.
1097 2242 1182 2293 δεῖ
1205 2238 1338 2309 γάρ,
1379 2246 1529 2306 εἴπερ
1561 2237 1797 2306 πότερον
1825 2236 1920 2292 αὐα

243 2325 356 2373 τῶν
376 2321 486 2373 ἐστὶ
505 2317 784 2389 τάγαθόν,
824 2322 995 2391 μηδὲν
1013 2317 1248 2390 μηδενὸς
1268 2323 1344 2373 ἔτι
1373 2322 1736 2386 προσδεῖσθαι
1751 2341 1762 2351 ·
1802 2319 1919 2374 δεό-

161 2416 211 2457 21
245 2421 414 2469 μενον
434 2397 484 2453 δ’
509 2395 583 2453 ἂν
604 2407 757 2470 φανῇ
777 2402 1038 2470 πότερον,
1076 2400 1180 2455 οὐκ
1201 2405 1310 2455 ἔστι
1341 2420 1450 2455 που
1473 2397 1624 2455 τοῦτ’
1647 2404 1725 2455 ἔτι
1745 2399 1805 2455 τὸ
1828 2399 1924 2456 ὅν·-

242 2502 348 2545 τως
367 2478 500 2551 ἡμῖν
520 2478 755 2550 ἀγαθόν.

381 2567 551 2617 ΠΡΩ.
605 2569 734 2626 Πῶς
752 2562 858 2631 γάρ
880 2563 979 2631 ἅνς

382 2648 507 2699 ΣΩ.
551 2641 778 2698 Οὐκοῦν
797 2647 856 2699 ἐν
876 2647 962 2700 σοὶ
985 2646 1304 2716 πειρώμεθα
1323 2650 1707 2718 βασανίζοντες
1724 2649 1920 2707 ταῦτας

381 2730 550 2780 ΠΡΩ.
607 2723 773 2779 Πάνυ
792 2724 893 2793 μὲν
914 2720 1031 2780 οὖν.

382 2812 504 2861 ΣΩ.
558 2803 886 2874 Ἀποκρίνου
907 2807 988 2875 δή.

2023 2648 2028 2706 ἰ
