2028 3198
218 195 221 197 ,
277 137 381 189 1⁴20
882 141 1055 187 HAA
1073 139 1357 206 ΤΩΝΟΣ

275 270 442 327 τατόν
457 269 571 328 ἐστ’
593 269 779 326 αὐτῶν
801 270 993 341 φύσει,
1015 276 1178 327 τοῦτο
1198 274 1513 341 κατιδόντες
1542 282 1616 342 εἰς
1641 276 1744 349 τὴν
1769 284 1949 349 κρίσιν

271 352 533 424 χρώμεθα
561 351 663 422 τὴν
695 350 890 422 κοινὴν
917 363 1031 417 τοῖς
1059 373 1117 408 τε
1145 354 1361 410 τούτων
1383 358 1475 412 καὶ
1502 370 1614 422 τοῖς
1634 365 1727 429 τῆς
1747 356 1950 430 ἡδονῆς

271 438 493 503 μέρεσιν
513 432 919 504 άληθεστάτοις.

410 519 581 569 ΠΡῼ.
634 512 862 584 Ὀρθῶς.

202 609 235 648 D
409 601 534 652 Σῼ.
595 593 824 652 Οὐκοῦν
843 593 976 666 ἡμῖν
994 594 1053 650 τὸ
1074 598 1202 667 μέν,
1225 595 1399 668 οἶμαι,
1422 601 1816 671 δημιουργικόν
1837 604 1949 657 ἐστι

269 686 364 749 τῆς
383 678 591 748 περὶτὰ
612 678 911 750 μαθήματα
930 679 1225 750 ἐπιστήμης
1238 721 1252 748 ,
1282 678 1342 734 τὸ
1368 680 1425 736 δὲ
1447 684 1570 750 περὶ
1591 687 1841 739 παιδείαν
1860 686 1949 739 καὶ

269 761 510 832 τροφήν·
530 757 566 831 ἢ
587 767 725 825 πῶς;

410 848 582 898 ΠΡῼ.
640 841 846 907 Οὕτως.

411 929 536 979 Σῼ.
588 922 676 979 Ἐν
695 922 761 995 δὴ
782 935 897 988 ταῖς
914 934 1331 994 χειροτεχνικαῖς
1351 927 1739 997 διανοηθῶμεν
1759 932 1948 996 πρῶτα

270 1011 319 1062 εί
334 1007 394 1061 τὸ
416 1007 518 1076 μὲν
537 1007 833 1076 ἐπιστήμης
853 1004 1039 1060 αὐτῶν
1057 1011 1268 1076 μᾶλλον
1299 1005 1586 1077 ἐχόμενον,
1618 1006 1678 1062 τὸ
1705 1008 1763 1063 δὲ
1781 1002 1948 1079 ἧττον

271 1093 368 1158 ἔνι,
391 1089 481 1142 καὶ
501 1091 588 1143 δεῖ
601 1086 783 1159 τὰμὲν
802 1084 873 1151 ὡς
891 1087 1258 1158 καθαρώτατα
1278 1092 1534 1158 νομίζειν,
1555 1088 1620 1143 τὰ
1642 1087 1692 1143 δ’
1718 1088 1789 1154 ὡς
1809 1088 1943 1146 άκα-

268 1169 597 1238 θαρτότερα.

409 1256 580 1307 ΠΡΩ.
639 1248 867 1305 Οὐκοῦν
886 1251 987 1320 χρή
994 1292 1002 1302 .

408 1336 534 1386 ΣΩ.
599 1329 706 1395 Τὰς
742 1337 935 1386 τοίνυν
973 1329 1304 1402 ἡγεμονικὰς
1340 1335 1665 1402 διαληπτέον
1704 1331 1947 1388 ἑκάστων

266 1413 454 1470 αὐτῶν
473 1419 664 1483 χωρίς;

404 1498 573 1548 ΠΡΩ.
630 1498 803 1558 Ποίας
822 1496 913 1549 καὶ
932 1500 1072 1558 πῶς;

201 1588 236 1629 Ε
409 1579 534 1630 ΣΩ.
595 1571 733 1630 Οἷον
765 1580 958 1630 πασῶν
987 1595 1098 1629 που
1129 1574 1436 1644 τεχνῶνᾶν
1470 1596 1547 1639 τις
1576 1575 1947 1647 ἀριθμητικὴν

264 1661 460 1729 χωρίζῃ
483 1658 573 1711 καὶ
591 1654 919 1727 μετρητικὴν
940 1658 1029 1711 καὶ
1048 1656 1322 1727 στατικήν,
1346 1654 1418 1721 ὡς
1438 1660 1564 1721 ε”πος
1584 1662 1771 1728 εἰπεῖν,
1797 1665 1943 1727 φαῦ-

265 1746 366 1794 λον
384 1737 445 1793 τό
468 1737 942 1808 καταλειπόμενον
963 1738 1193 1808 ἑκάστης
1212 1734 1284 1792 ἂν
1303 1743 1560 1808 γίγνοιτο.

406 1824 577 1873 ΠΡΩ.
635 1824 865 1874 Φαῦλον
884 1818 985 1888 μὲν
1005 1818 1088 1888 δή.

410 1905 531 1955 ΣΩ.
594 1898 666 1953 Τὸ
702 1906 843 1966 γοῦν
878 1899 1010 1968 μετὰ
1041 1897 1195 1952 ταῦτ’
1227 1899 1459 1964 εἰκάζειν
1489 1898 1716 1954 λείποιτ’
1749 1896 1821 1953 ἂν
1855 1901 1945 1955 καὶ

266 1980 362 2046 τὰς
391 1980 676 2052 αἰσθήσεις
703 1985 1075 2049 καταμελετᾷν
1103 1981 1351 2050 ἐμπειρίᾳ
1370 1984 1468 2033 καί
1480 2001 1587 2033 τινι
1606 1984 1793 2050 τριβῇ,
1831 1991 1947 2043 ταῖς

265 2069 360 2133 τῆς
379 2067 731 2132 στοχαστικῆς
750 2062 1211 2131 προσχρωμένους
1229 2060 1547 2130 δυνάμεσιν,
1570 2057 1633 2124 ἃς
1649 2062 1839 2115 πολλοὶ
1856 2063 1945 2114 τέ-

180 2158 238 2203 56
264 2166 395 2215 χνας
417 2141 831 2214 ἐπονομάζουσι,
852 2145 1045 2214 μελέτῃ
1066 2143 1156 2197 καὶ
1174 2141 1328 2213 πόνῳ
1349 2139 1452 2212 τὴν
1470 2139 1661 2212 ῥώμην
1679 2139 1944 2210 ἀπειργα-

266 2227 482 2294 σμένας.

405 2310 575 2360 ΠΡῼ.
631 2303 1059 2374 Ἀναγκαιότατα
1077 2306 1262 2372 λέγεις.

407 2390 534 2440 ΣΩ.
590 2383 819 2440 Οὐκοῦν
848 2383 1012 2455 μεστὴ
1045 2387 1148 2456 μέν
1178 2404 1288 2440 που
1316 2382 1552 2455 μουσικὴ
1595 2390 1816 2453 πρῶτον
1828 2424 1842 2451 ,
1880 2380 1939 2436 τό

267 2466 569 2537 ξύμφωνον
584 2463 935 2536 ἁρμόττουσα
952 2463 1020 2520 οὐ
1036 2468 1214 2538 μέτρω
1233 2463 1371 2519 ἀλλὰ
1389 2468 1611 2535 μελέτης
1627 2468 1914 2534 στοχασμςό
1929 2484 1941 2494 ·

265 2549 355 2603 καὶ
378 2547 634 2618 ξύμπασα
654 2541 728 2601 αὖ
749 2547 1014 2618 ψαλτική,
1054 2546 1113 2601 τὸ
1144 2550 1345 2617 μέτρον
1374 2547 1603 2617 ἑκάστης
1632 2549 1834 2616 χορδῆς
1864 2548 1940 2615 τῷ

266 2628 626 2700 στοχάζεσθαι
642 2631 948 2701 φερομένης
967 2630 1318 2700 θηρεύουσα,
1352 2627 1488 2684 ὥστε
1516 2629 1659 2684 πολὺ
1679 2626 1940 2699 μεμιγμέ-
2014 2649 2028 2651 ’-

266 2730 367 2765 νον
386 2713 528 2780 ἔχειν
545 2710 605 2766 τὰ
623 2710 696 2781 μὴ
718 2714 889 2780 σαφές
902 2752 917 2780 ,
948 2711 1182 2782 σμικρὸν
1200 2711 1259 2766 δὲ
1277 2710 1338 2766 τὸ
1358 2716 1596 2783 βέβαιον.
2025 2713 2028 2716 ”

408 2797 580 2848 ΠΡΩ.
630 2790 1012 2864 Ἀληθέστατα.
