2028 3198
323 176 423 230 108
921 178 1399 227 ΠΛΑΤΩΝΟΣ

460 317 630 365 ΠΡΩ.
683 317 851 377 Ποία,
874 310 1003 383 φῄςς

459 396 583 445 ΣΩ
629 389 736 446 Hv
775 390 951 462 αὐτὴν
988 390 1089 462 τὴν
1116 391 1300 462 ψυχὴν
1327 390 1468 464 αὑτῇ
1497 394 1755 458 πολλάκις
1784 393 1997 466 λαμβά-

318 495 436 527 νειν
457 473 766 543 σύγκρασιν
785 478 1010 544 ἔφαμεν

459 560 627 610 ΠΡΩ.
683 561 814 620 Πῶς
832 558 939 610 οὐν
958 553 1024 625 δὴ
1045 553 1195 610 τοῦτ’
1219 553 1353 611 αὐτὸ
1377 558 1636 627 λέγομεν;

256 647 288 685 Ε
460 643 584 692 ΣΩ.
630 636 834 708 Ὀργὴν
871 639 961 692 καὶ
991 637 1175 708 φόβον
1204 639 1294 692 καὶ
1323 639 1510 695 πόθον
1538 641 1628 693 καὶ
1656 645 1874 710 θρῆνον
1903 641 1995 695 καὶ

318 723 492 787 ἔρωτα
521 721 612 775 καὶ
640 724 803 790 ζῆλον
829 720 920 773 καὶ
951 719 1175 788 φθόνον
1205 721 1296 774 καὶ
1333 717 1436 774 όσα
1474 727 1726 790 τοιαῦτα,
1765 715 1856 792 ἆρ’
1891 720 1994 776 οὐκ

318 799 486 871 αὐτῆς
504 808 598 870 τῆς
616 807 792 871 ψυχῆς
808 807 1024 856 τίθεσαι
1047 801 1248 865 ταύτας
1267 802 1444 867 λύπας
1462 803 1639 866 τινάςς

458 887 626 936 ΠΡΩ.
664 881 889 951 ’Έγωγε

460 969 586 1018 ΣΩ.
633 962 861 1018 Οὐκοῦν
881 963 1050 1029 αὐτὰς
1069 963 1290 1034 ἡδονῶν
1307 965 1507 1034 μεστὰς
1526 962 1834 1035 εὑρήσομεν
1853 964 1991 1036 ἄμη-

320 1047 531 1115 χάνων;
560 1040 596 1114 ἦ
617 1045 860 1114 δεόμεθα
880 1042 1399 1117 ὑπομιμνήσκεσθαι
1417 1045 1477 1101 τὸ
1499 1046 1559 1110 ὅς
1576 1045 1625 1101 τ’
1647 1049 1843 1116 ἐφέηκε
1864 1057 1994 1111 [τοϊς

318 1135 521 1197 θυμοῖς
540 1130 628 1182 καὶ
648 1140 763 1191 ταῖς
783 1125 969 1196 ὀργαῖς
988 1126 1070 1197 τὸ]
1093 1128 1421 1198 πολύφρονά
1441 1149 1543 1199 περ
1565 1134 1879 1199 χαλεπῆναι,

460 1207 519 1272 ὅς
538 1230 595 1263 τε
614 1208 758 1263 πολὺ
777 1215 1020 1278 γλυκίων
1038 1212 1252 1279 μέλιτος
1270 1214 1764 1280 καταλειβομένοιο,

230 1302 290 1346 48
320 1293 409 1345 καὶ
438 1289 534 1354 τὰς
564 1293 624 1345 ἐν
652 1303 764 1354 τοῖς
793 1291 1025 1360 θρήνοις
1048 1293 1137 1346 καὶ
1156 1292 1356 1356 πόθοις
1376 1289 1581 1362 ἡδονὰς
1600 1294 1660 1347 ἐν
1679 1292 1875 1355 λύπαις
1895 1291 1981 1346 οὔ·

321 1390 418 1437 σας
437 1371 903 1442 ἀναμεμιγμένας;

459 1459 628 1508 ΠΡΩ.
683 1452 832 1521 Οὔκ,
865 1452 985 1509 ἀλλ’
1018 1455 1164 1511 οὕτω
1196 1456 1366 1510 ταῦτα’
1394 1477 1455 1524 γε
1487 1457 1576 1510 καὶ
1606 1454 1708 1510 οὐκ
1729 1453 1906 1519 ἄλλως
1924 1451 1998 1508 ἂν

323 1542 613 1607 ξυμβαίνοι
631 1534 947 1605 γιγνόμενα.

462 1622 585 1672 ΣΩ.
644 1619 753 1672 Καὶ
773 1617 884 1688 μὴν
903 1620 993 1673 καὶ
1011 1618 1107 1683 τοὶς
1124 1641 1185 1688 γε
1206 1620 1466 1690 τραγικὰς
1494 1618 1822 1688 θεωρήσεις,
1861 1616 1994 1672 ὅταν

322 1699 434 1770 ἅμα
453 1705 732 1768 χαίροντες
750 1699 985 1767 κλάωσι,
1007 1701 1303 1770 μέμνησαι;

460 1786 630 1835 ΠΡΩ.
689 1786 757 1835 Τί
772 1779 825 1835 δ’
851 1779 947 1846 οὕς

461 1867 586 1917 ΣΩ.
644 1860 760 1931 Τὴν
791 1859 844 1915 δ’
878 1865 936 1915 ἐν
964 1873 1079 1925 ταῖς
1108 1867 1416 1935 κωμῳδίαις
1447 1862 1701 1917 διάθεσιν
1727 1860 1885 1933 ἡμῶν
1904 1868 1996 1932 τῆς

322 1951 524 2015 ψυχῆς,
563 1938 654 2014 ἆρ’
688 1941 839 1998 οἶσθ’
872 1941 944 2008 ὡς
973 1947 1084 1997 ἔστι
1114 1941 1220 1998 κάν
1249 1944 1463 2007 τούτοις
1483 1947 1620 2013 μῖξις
1639 1945 1813 2013 λύπης
1830 1965 1885 1999 τε
1905 1947 1995 1999 καὶ

324 2024 554 2097 ἡδονῆς;

263 2123 292 2164 Β
464 2112 636 2163 ΠΡΩ.
697 2106 781 2162 Οὐ
800 2108 950 2162 πάνυ
970 2114 1236 2163 κατανοῶ.

464 2196 590 2246 ΣΩ.
644 2190 973 2247 Παντάπασι
1001 2191 1107 2262 γὰρ
1140 2189 1208 2246 οὐ
1237 2190 1459 2263 ῥᾴδιον,
1500 2182 1543 2243 ὦ
1575 2188 1897 2260 Πρώταρχε,
1937 2191 1995 2244 ἐν

323 2274 500 2346 τούτῳ
522 2279 774 2338 ξυννοεῖν
791 2272 852 2328 τὸ
875 2280 1128 2328 τοιοῦτον
1149 2273 1402 2329 ἑκάστοτε
1428 2272 1625 2336 πάθος.

463 2361 633 2411 ΠΡΩ.
690 2355 917 2412 Οὔκουν
938 2355 1010 2421 ὥς
1029 2354 1083 2426 γ’
1107 2360 1285 2411 ἔοικεν
1304 2357 1435 2425 ε’μοί.

464 2444 590 2492 ΣΩ.
636 2438 908 2508 Λαβωμέν
934 2461 996 2508 γε
1028 2437 1139 2509 μὴν
1168 2434 1301 2491 αὐτὸ
1332 2434 1576 2508 τοσούτῳ
1607 2441 1841 2505 μᾶλλον,
1883 2432 1995 2506 ὅσῳ

325 2518 739 2585 σκοτεινότερόν
768 2523 938 2590 ἐστιν,
979 2524 1071 2576 ἵνα
1100 2522 1190 2575 καὶ
1219 2522 1279 2574 ἐν
1297 2517 1479 2582 α’λλοις
1501 2519 1639 2590 ρᾷον
1658 2522 1998 2585 καταμαθεῖν

325 2623 402 2666 τις
421 2596 533 2665 οἷός
551 2599 601 2654 τ’
621 2595 658 2671 ᾗ
676 2606 819 2671 μῖξιν
839 2602 1017 2672 λύπης
1033 2624 1089 2656 τε
1109 2604 1199 2656 καὶ
1217 2598 1435 2670 ἡδονῆς.

463 2687 634 2737 ΠΡΩ.
685 2682 925 2751 Λε’γοις’
900 2683 986 2737 α’ν.

466 2770 590 2820 ΣΩ.
655 2763 730 2818 Τό
766 2783 848 2817 τοι
888 2771 995 2818 νῦν
1026 2763 1091 2834 δὴ
1125 2763 1352 2834 ῥηθὲν
1331 2765 1507 2832 όνομα
1533 2760 1759 2830 φθόνου
1789 2760 1993 2828 πότερα

326 2847 507 2916 λύπην
526 2843 647 2900 τινὰ
667 2850 843 2914 ψυχῆς
863 2844 1079 2914 θήσεις,
1116 2843 1151 2915 ἢ
1171 2853 1313 2911 πῶς;
