2028 3198
234 150 302 203 38
844 152 1306 200 ΠΛΑΤΩΝΟΣ

174 298 206 339 Β
237 290 487 356 γίγνεταί
499 307 555 340 τε
576 286 664 339 καὶ
682 282 1001 339 ἀπόλλυται.
1050 281 1300 354 Ἀνάγκη.
1342 281 1440 339 <Ἐν
1460 287 1628 343 δὲκαὶ
1649 278 1824 342 πολλὰ
1845 283 1910 342 ὂν

235 368 326 421 καὶ
356 366 689 435 γιγνόμενον
718 367 810 421 καὶ
837 365 1226 436 ἀπολλύμενον
1253 361 1346 434 ἆρ’
1378 363 1501 436 οὐχ,
1539 365 1674 421 ὅταν
1708 367 1808 436 μὲν
1825 373 1912 437 γί-

234 470 426 517 γνηται
442 449 520 515 ἕν,
540 445 600 502 τὸ
624 446 800 502 πολλὰ
822 446 960 503 εἶναι
979 446 1299 517 ἀπόλλυται,
1320 446 1456 502 ὅταν
1476 451 1534 502 δὲ
1552 449 1745 519 πολλά,
1767 448 1827 504 τὸ
1851 452 1912 503 ἓν

235 528 374 583 εἶναι
405 527 736 596 άπόλλυται;
772 531 936 585 Πάνυ
955 553 1033 600 ys.
1073 527 1172 585 “Ev
1193 533 1252 584 δὲ
1271 531 1603 601 γιγνόμενον
1623 533 1713 587 καὶ
1733 529 1909 586 πολλοὶ

232 605 302 678 άρ
316 610 327 629 '
350 608 454 665 οὐκ
473 609 687 682 ἀνάγκη
709 616 1096 683 διακρίνεσθαί
1109 633 1166 666 τε
1186 613 1278 667 καὶ
1298 619 1726 683 συγκρίνεσθαι;
1758 619 1911 668 Πολ-

229 693 298 763 λη’
327 714 404 763 ys.
459 695 569 747 Καὶ
601 693 714 764 μὴν
743 692 1017 765 ἀνόμοιόν
1045 717 1108 765 ys
1137 696 1228 750 καὶ
1259 693 1457 764 ὅμοιον
1485 695 1622 750 ὅταν
1640 702 1906 765 γίγνηται,

229 773 570 844 ὁμοιοῦσθαί
592 796 649 830 τε
679 778 770 831 καὶ
796 774 1227 846 άνομοιοῦσθαι;
1262 782 1389 831 Ναί.
1446 779 1554 831 Καὶ
1574 776 1708 831 ὅταν
1727 782 1907 846 μεῖζον

228 859 318 912 καὶ
338 861 562 913 ἔλαττον
581 862 670 913 καὶ
691 867 830 927 ἴσον,
852 858 1196 924 αὐξάνεσθαί
1207 880 1265 913 τε
1284 862 1372 913 καὶ
1393 863 1623 928 φθίνειν
1641 859 1732 913 καὶ
1753 863 1908 913 ἰσοῦ-

170 953 201 992 C
230 946 390 1002 σθαι;
430 938 639 1004 Οὕτως.
687 939 856 995 Ὅταν
885 941 944 996 δὲ
973 941 1309 1011 κινούμενόν
1338 962 1395 995 τε
1423 944 1634 1011 ἵστηται
1664 941 1753 995 καὶ
1772 937 1907 995 ὅταν

229 1018 381 1084 ἑστὸς
398 1022 484 1075 ἐπὶ
502 1022 562 1076 τὸ
583 1031 859 1078 κινεῖσθαι
877 1022 1205 1094 μεταβάλλῃ,
1228 1027 1309 1077 δεῖ
1326 1022 1395 1092 δή
1415 1042 1524 1076 που
1545 1020 1682 1076 αὐτό
1701 1043 1762 1090 ys
1782 1017 1904 1091 μηδ’

228 1105 288 1157 ἐν
312 1103 391 1157 ἑνὶ
410 1103 593 1175 χρόνῳ
615 1103 767 1160 εἶναι.
823 1111 953 1170 Πῶς
976 1106 1067 1175 δή;
1095 1102 1281 1169 Ἑστός
1299 1125 1357 1158 τε
1378 1103 1648 1174 πρότερον
1667 1101 1901 1172 ὕστερον

227 1192 501 1240 κινεῖσθαι
517 1189 606 1240 καὶ
622 1186 894 1259 πρότερον
909 1189 1241 1256 κινούμενον
1257 1185 1491 1254 ὕστερον
1508 1184 1745 1254 ἑστάναι,
1768 1183 1906 1239 ἄνευ

227 1266 330 1336 μὲν
363 1273 465 1321 τοῦ
503 1268 861 1339 μεταβάλλειν
899 1268 1000 1339 οὐχ
1041 1265 1162 1323 οἷόν
1190 1290 1248 1323 τε
1278 1272 1427 1322 ἔσται
1454 1272 1627 1322 ταῦτα
1658 1265 1899 1337 πάσχειν.

224 1354 354 1413 Πῶς
372 1349 504 1419 γάρ;
542 1351 761 1422 Χρόνος
791 1356 853 1406 δέ
868 1374 930 1422 ys
950 1349 1130 1414 οὐδεὶς
1150 1356 1298 1405 ἔστιν
1311 1393 1326 1420 ,
1366 1353 1424 1404 ἐν
1445 1343 1489 1423 ᾦ
1505 1371 1557 1404 τι
1576 1346 1698 1404 οἶόν
1716 1371 1772 1404 τε
1791 1348 1904 1419 ἅμα

225 1431 359 1526 μητε
389 1441 667 1487 κινεῖσθαι
695 1433 833 1505 μήθ’
867 1435 1106 1489 ἑστάναι.
1166 1431 1250 1488 Οὐ
1278 1433 1385 1503 γὰρ
1417 1425 1537 1486 οὖν.
1588 1429 1728 1486 Ἀλλ’
1774 1429 1902 1485 οὐδε

223 1510 335 1582 μὴν
353 1513 722 1583 μεταβάλλει’
697 1516 834 1571 άνευ
851 1523 954 1571 τοῦ
972 1517 1348 1588 μεταβάλλειν.
1403 1511 1524 1569 Οὐκ
1549 1512 1705 1576 εἰκός.
1754 1510 1896 1567 Πότ’

159 1613 193 1652 D
225 1596 327 1648 οὐν
358 1595 707 1665 μεταβάλλει;
743 1596 871 1652 οὔτε
899 1620 1007 1696 γαρ
1037 1597 1190 1662 ἑστὸς
1210 1594 1282 1652 ἂν
1301 1595 1430 1651 οὔτε
1451 1593 1786 1665 κινούμενον
1805 1616 1903 1663 με-

223 1677 512 1747 ταβάλλοι,
554 1677 671 1732 οὔτ’
698 1682 758 1734 ἐν
775 1680 954 1751 χρόνῳ
976 1679 1058 1733 ὅν.
1119 1677 1204 1734 Οὐ
1222 1700 1329 1749 γαρ
1354 1672 1475 1733 οὗν.
1525 1671 1642 1746 Ἆρ’
1665 1679 1770 1731 οὐν
1789 1680 1902 1731 ἔστι

222 1758 282 1812 τὸ
306 1758 516 1813 άτοπον
534 1766 726 1829 τοῦτο,
767 1764 828 1815 ἐν
849 1764 890 1833 ςὸ
922 1760 1038 1815 τότ’
1069 1758 1140 1815 ἄν
1168 1768 1276 1830 εἴη,
1310 1759 1400 1814 ὅτε
1429 1759 1782 1830 μεταβάλλει;
1826 1760 1899 1814 Τὸ

223 1852 383 1896 ποιον
405 1842 498 1910 δή·
487 1883 499 1905 ,
538 1840 610 1896 Tc)
634 1804 904 1912 ἐξαίφνης.
960 1840 1020 1896 τὸ
1043 1842 1149 1910 γάρ
1172 1843 1428 1910 ἐξαίφνης
1445 1841 1663 1895 τοιόνδε
1681 1863 1733 1895 τι
1753 1845 1897 1896 εὀικε

223 1929 537 1994 σημαίνειν,
579 1921 651 1988 ὡς
686 1926 738 1988 ἐξ
778 1925 995 1978 ἐκείνου
1024 1922 1367 1993 μεταβάλλον
1397 1927 1472 1986 εἰς
1502 1922 1777 1991 ἑκάτερον.
1831 1921 1899 1976 οὐ

219 2004 327 2075 γὰρ
356 2008 415 2060 ἐκ
444 2027 506 2074 ys
536 2013 638 2060 τοῦ
669 2005 888 2060 ἑστάναι
919 2007 1146 2069 ἑστῶτος
1178 2010 1255 2059 ἔτι
1282 2004 1636 2075 μεταβάλλει,
1675 2002 1795 2058 οὐδ’
1838 2006 1897 2058 ἐκ

219 2095 313 2157 τῆς
330 2086 598 2158 κινήσεως
617 2092 943 2158 κινουμένης
964 2092 1041 2142 ε”τι
1061 2086 1409 2156 μεταβάλλει·
1445 2082 1565 2140 ἀλλ’
1589 2083 1622 2155 ἡ
1642 2088 1898 2156 ἐξαίφνης

223 2167 359 2238 αὕτη
392 2168 560 2238 φύσις
578 2167 780 2232 ἄτοπός
798 2191 879 2232 τις
897 2169 1197 2239 ἐγκάθηται
1216 2165 1418 2238 μεταξύ
1438 2174 1535 2237 τῆς
1553 2167 1821 2237 κινήσεώς
1839 2189 1897 2222 τε

156 2271 190 2310 Ε
219 2252 310 2305 καὶ
340 2250 608 2318 στάσεως,
647 2253 708 2305 ἐν
737 2251 920 2323 χρόνῳ
952 2249 1139 2305 οὐδενὶ
1168 2244 1335 2319 οὖσα,
1376 2250 1461 2303 καὶ
1491 2255 1567 2313 εἰς
1599 2249 1808 2318 ταύτην
1829 2247 1895 2319 δὴ

221 2331 311 2383 καὶ
330 2333 389 2384 ἐκ
408 2331 610 2399 ταύτης
627 2330 690 2384 τό
712 2351 767 2383 τε
788 2330 1124 2400 κινούμενον
1143 2331 1466 2402 μεταβάλλει
1489 2331 1573 2385 ἐπὶ
1592 2329 1652 2384 τὸ
1675 2329 1896 2384 ἑστάναι

219 2413 310 2465 καὶ
328 2409 387 2465 τὸ
410 2410 565 2474 ἑστὸς
586 2413 670 2464 ἐπὶ
690 2409 751 2463 τὸ
773 2419 1062 2468 κινεῖσθαι.
1119 2412 1467 2467 Κινδυνεύει.
1516 2413 1626 2467 Καὶ
1645 2409 1705 2465 τὸ
1728 2413 1788 2466 ἓν
1807 2411 1892 2481 δή,

219 2501 370 2561 εἴπερ
400 2494 595 2563 ἕστηκέ
610 2514 666 2547 τε
687 2495 777 2548 καὶ
794 2506 1046 2566 κινεῖται,
1083 2496 1414 2566 μεταβάλλοι
1433 2491 1505 2549 ἂν
1525 2492 1612 2564 ἐφ’
1638 2494 1865 2564 ἑκάτερα
1879 2515 1891 2526 ·

218 2574 402 2645 μόνως
444 2572 551 2644 γὰρ
591 2570 662 2627 ἂν
697 2573 873 2638 οὕτως
909 2575 1193 2646 άμφότερα
1229 2589 1376 2632 ποιεῖ
1386 2597 1397 2608 ·
1455 2576 1799 2646 μεταβάλλον
1835 2571 1889 2628 ‹5'

217 2661 473 2727 ἐξαίφνης
493 2654 842 2726 μεταβάλλει,
873 2660 961 2712 καὶ
982 2658 1072 2713 ὅτε
1091 2660 1445 2731 μεταβάλλει,
1472 2661 1532 2712 ἐν
1554 2655 1740 2711 οὐδενὶ
1758 2654 1886 2724 χρόα

214 2762 294 2813 νῳ
315 2736 386 2794 ἄν
407 2748 488 2809 εἴη
503 2780 518 2808 ,
550 2735 679 2793 οὐδὲ
699 2738 896 2793 κινοῖτ’
917 2736 989 2793 ἄν
1007 2741 1155 2811 τότε,
1192 2739 1318 2796 οὐδ’
1340 2737 1410 2795 ὄίν
1430 2744 1600 2807 σταίη.
1662 2735 1746 2792 Οὐ
1764 2737 1887 2808 γάρ.

208 2814 324 2886 Ἆρ’
346 2814 450 2874 οὖν
470 2819 615 2874 οὕτω
638 2821 728 2875 καὶ
748 2818 885 2889 πρὸς
900 2819 995 2884 τὰς
1016 2820 1183 2885 ἄλλας
1202 2818 1505 2891 μεταβολὰς
1521 2823 1654 2888 ἔχει,
1675 2817 1808 2874 ὅταν
1828 2821 1885 2874 ἐκ

2019 1465 2028 1506 {¹
