2028 3198
678 85 1072 174 ὦΙΛΗΒΟΣ.
1641 122 1709 174 81

167 265 293 316 29..
341 257 435 316 Ἐν
463 265 542 332 τῷ
568 262 743 330 κοινῷ
768 278 863 327 μοι
888 260 1036 326 γένει
1072 254 1185 326 ἅμα
1220 260 1535 326 φαίνεσθον
1562 255 1708 327 λύπη

27 365 83 396 τε
107 345 195 399 καὶ
213 339 389 415 ἡδονὴ
407 345 699 411 γίγνεσθαι
717 336 856 392 κατὰ
878 338 1069 408 φύσιν.

167 425 339 480 ΠΡΩ.
390 418 607 477 Κοινόν
627 423 691 475 δέ
702 441 791 490 γε,
833 413 878 474 ὦ
899 426 1024 489 φίλε
1039 421 1365 492 Σώκρατες,
1396 418 1713 493 ὑπομίμνη-

28 525 124 563 σκε
142 503 282 577 ἡμᾶς
299 513 354 560 τί
369 523 500 559 ποτε
518 523 633 557 τον
652 505 1069 573 προειρημένων
1086 503 1280 573 βούλει
1300 506 1525 573 δηλοῦν.

166 591 293 643 ΣΩ.
335 583 522 642 Ἐσται
539 581 697 639 ταῦτ’
721 588 797 648 εἰς
817 583 1084 654 δύναμιν,
1108 578 1155 639 ὦ
1172 585 1470 655 θαυμάσιε.

164 672 337 724 ΠΡΩ.
389 671 588 730 Καλῶς
613 664 772 731 εἶπες.

167 754 291 806 ΣΩ.
328 746 542 804 Κοινὸν
558 753 751 804 τοίνυν
769 746 1143 819 ὑπακούωμεν
1162 746 1193 803 ὃ
1212 746 1280 819 δὴ
1302 755 1416 804 τῶν
1434 750 1711 820 τεττάρων

25 838 212 902 τρίτον
230 832 506 901 ἐλέγομεν.

165 918 334 968 ΠΡΩ.
380 910 443 968 Ὅ
462 910 596 983 μετὰ
616 909 678 967 τὸ
701 910 930 982 ἄπειρον
949 914 1041 967 καὶ
1059 915 1228 980 πέρας
1250 917 1454 982 ἔλεγες,
1476 914 1536 966 ἐν
1554 904 1602 986 ᾦ
1619 913 1711 967 καὶ

23 997 238 1066 ὑγίειαν
252 1037 267 1064 ,
287 993 438 1066 οἶμαι
456 995 515 1051 δὲ
536 997 627 1050 καὶ
646 992 948 1065 ἁρμονίαν,
970 997 1214 1061 ἐτίθεσο;

164 1081 290 1133 ΣΩ.
342 1075 609 1132 Κάλλιστ’
642 1074 801 1142 εἶπες.
858 1074 961 1132 τὸν
991 1084 1133 1132 νοῦν
1166 1075 1225 1132 δὲ
1244 1075 1278 1132 δ’
1294 1099 1347 1131 τι
1365 1074 1582 1146 μάλιστ’
1605 1076 1709 1147 ἤδη
1744 1093 1780 1134 D

30 1157 282 1230 πρόσεχε.

170 1244 342 1295 ΠῬΩ.
395 1244 538 1310 Λέγε
557 1241 748 1310 μόνον.

171 1327 295 1377 ΣΩ.
351 1325 509 1391 Λέγω
540 1327 734 1377 τοίνυν
761 1329 857 1392 τῆς
885 1318 1152 1391 ἁρμονίας
1169 1320 1271 1392 μὲν
1291 1322 1565 1392 λυομένης
1581 1319 1713 1392 ἡμῖν

29 1406 89 1458 ἐν
117 1416 229 1469 τοῖς
257 1404 413 1470 ζώοις
442 1403 553 1475 ἅμα
586 1403 749 1459 λύσιν
767 1409 864 1474 τῆς
883 1403 1107 1473 φύσεως
1125 1403 1216 1457 καὶ
1232 1403 1454 1472 γένεσιν
1471 1403 1714 1472 ἀλγηδό-

28 1507 148 1542 νων
165 1490 224 1542 έν
242 1492 317 1560 τῷ
337 1486 458 1543 τότε
479 1492 769 1557 γίγνεσθαι
786 1486 982 1558 χρόνῳ.

173 1574 340 1625 ΠΡΩ.
394 1568 560 1624 Πάνυ
580 1570 753 1639 λέγεις
773 1569 931 1632 εἰκός.

171 1655 296 1706 ΣΩ.
352 1650 535 1707 Πάλιν
571 1651 630 1706 δὲ
660 1648 1068 1720 ἁρμοττομένης
1095 1670 1152 1703 τε
1182 1650 1272 1703 καὶ
1305 1652 1381 1713 εἰς
1409 1647 1514 1717 τὴν
1542 1647 1713 1719 αὐτῆς

36 1730 207 1801 φύσιν
226 1729 497 1802 ἀπιούσης
517 1728 728 1802 ἡδονὴν
747 1736 1038 1801 γίγνεσθαι
1059 1731 1299 1800 λεκτέον,
1322 1734 1374 1785 εἰ
1393 1733 1480 1785 δεῖ
1494 1728 1570 1784 δι’
1591 1727 1711 1786 ὀλί-

32 1834 148 1883 γων
166 1813 290 1881 περὶ
309 1818 581 1883 μεγίστων
598 1811 632 1866 ὅ
650 1835 701 1867 τι
720 1812 943 1882 τάχιστα
965 1813 1222 1883 ῥηθῆναι.

169 1898 337 1949 ΠΡΩ.
391 1891 556 1966 Οἶμαι
574 1897 675 1964 μέν
694 1910 755 1949 σε
774 1894 960 1964 ὀρθῶς
978 1896 1184 1964 λέγειν,
1215 1886 1261 1948 03
1279 1892 1592 1964 Σώκρατες,
1616 1896 1711 1964 έμ-
1743 1910 1776 1950 Ε

29 1978 372 2047 φανέστερον
393 1975 450 2031 δὲ
469 1981 545 2031 ἔτι
563 1973 734 2031 ταύτὰ
753 1983 924 2032 ταῦτα
945 1976 1266 2046 πειρώμεθα
1286 1979 1476 2046 λέγειν.

171 2062 295 2114 ΣΩ.
356 2056 585 2114 Οὐκοῦν
614 2056 679 2113 τὰ
709 2058 944 2130 δημόσιά
965 2079 1076 2113 που
1096 2060 1185 2114 καὶ
1205 2064 1487 2130 περιφανῆ
1505 2062 1713 2132 ῥᾷστον

67 2150 316 2204 υννοεῖν;

171 2224 339 2276 ΠΡΩ.
394 2226 536 2277 Ποῖα
553 2245 565 2284 ;

175 2304 299 2357 ΣΩ.
352 2306 525 2373 Πείνη
545 2305 647 2373 μέν
671 2323 783 2358 που
803 2304 958 2368 λύσις
978 2303 1069 2359 καὶ
1092 2302 1266 2374 λύπης

171 2387 338 2439 ΠΡΩ.
389 2389 516 2440 Ναί.

172 2467 295 2518 ΣΩ.
347 2459 552 2535 Ἐδωδὴ
574 2467 659 2535 δέ,
679 2467 958 2537 πλήρωσις
975 2470 1271 2538 γιγνομένη
1291 2467 1485 2536 πάλιν,
1506 2465 1714 2539 ἡδονής

176 2547 344 2600 [lp-Q.
398 2550 524 2600 Nat.

174 2630 296 2682 ΣΩ.
354 2634 533 2692 Δῖψος
562 2626 614 2682 δ’
646 2622 719 2683 αὖ
736 2628 928 2699 φθορὰ
950 2630 1041 2686 καὶ
1059 2630 1204 2702 λύπη
1227 2634 1336 2701 [καὶ
1356 2630 1529 2700 λύσις]
1544 2673 1559 2701 ,
1598 2629 1632 2703 ἡ
1655 2633 1712 2687 δὲ

62 2712 130 2763 οῦ
158 2704 334 2776 ὑγροῦ
365 2707 533 2763 πάλιν
561 2706 622 2763 τό
653 2710 929 2779 ξηρανθὲν
948 2717 1232 2782 πληροῦσα
1255 2713 1488 2783 δύναμις
1507 2710 1709 2783 ἡδονή·
1741 2722 1801 2766 32

67 2788 302 2910 winopcocs
331 2791 396 2911 43ιεὶ
419 2788 475 2857 γ’
513 2784 585 2844 αὖ
616 2793 704 2846 καὶ
737 2789 1037 2864 διάλυσιςὴ
1060 2792 1205 2863 παρὰ
1227 2795 1429 2864 φύσιν,
1465 2799 1567 2849 τοῦ
1586 2803 1710 2849 πνί-

210 2879 325 2911 tuo
401 2901 410 2910 .
1426 2877 1453 2920 6
