2028 3198
0 0 43 168 lg·
91 113 154 159 93
183 66 203 69 ff
662 107 1220 156 ΑΝΤΕΡΑΣΤΛῙ.
1675 101 1780 154 363

0 210 34 322 3:
93 235 210 307 οἶος
226 239 302 311 μὴ
322 239 613 296 δουλεύειν
622 240 819 311 μηδενὶ
835 239 1130 311 πράγματι,
1147 236 1272 311 μηδ’
1292 243 1369 305 είς
1381 236 1486 310 τήν
1497 235 1786 310 ἀκρίβειαν

0 344 2 356 ·
93 324 268 395 μηδὲν
305 324 798 393 διαπεπονηκέναι,
849 319 989 377 ὥστε
1023 321 1114 379 διὰ
1149 322 1253 393 τήν
1286 328 1388 379 τοῦ
1425 318 1548 386 ἑνὸς
1581 319 1784 376 τούτου

92 407 407 477 ἐπιμέλειαν
424 411 539 460 τῶν
556 402 744 460 ἄλλων
771 401 1038 460 ἁπάντων
1055 403 1484 475 ἀπολελεῖφθαι,
1523 403 1710 476 ὥσπερ
1730 406 1787 460 οί
1814 415 1847 457 Β

0 503 5 526 “·
94 492 449 560 δημιουργοί,
472 486 613 545 άλλά
633 487 861 543 πάντων
882 492 1114 558 μετρίως
1131 491 1402 559 ἐφῆφθαι.

236 578 299 629 V.
375 569 538 627 Μετὰ
557 571 766 642 ταύτην
797 568 864 641 δὴ
883 571 986 641 τήν
1002 569 1301 642 ἀπόκρισιν
1319 568 1425 640 ἐγώ
1447 569 1783 640 προθυμού-
1846 640 1854 644 N

0 675 5 718 '‚
91 676 259 726 μενος
304 661 498 725 σαφῶς
533 657 736 710 εἰδέναι
773 651 806 707 ὅ
840 675 891 707 τι
926 654 1101 724 λέγοι,
1148 651 1552 723 ἐπυνθανόμην
1589 649 1782 723 αὐτοῦ,

95 735 227 803 τούς
245 735 501 808 ἀγαθοὺς
518 738 757 807 πότερον
774 742 1075 808 χρησίμους
1092 732 1127 807 ἦ
1147 734 1453 807 ἀχρήστους
1476 733 1617 790 εἶναι
1640 731 1783 789 ὑπο-

95 821 386 892 λαμβάνοι.
449 826 769 891 Χρησίμους
797 819 1005 890 δήπου,
1044 812 1088 874 ὦ
1119 818 1440 888 Σώκρατες,
1481 821 1602 887 ἔφη.
1662 810 1780 887 Ἆρ’

93 897 219 971 οὖν,
236 911 389 972 εἴπερ
405 906 462 959 οἰ
478 902 683 972 άγαθοὶ
699 901 971 972 χρήσιμοι,
993 904 1048 956 οἱ
1059 901 1292 972 πονηροὶ
1310 898 1572 971 ἄχρηστοι
1586 924 1600 966 ;
1614 897 1784 970 Ὡμο-

93 986 262 1056 λόγει.
306 990 374 1041 Τι’
403 987 467 1040 δέ
474 1010 488 1050 ;
523 984 654 1051 τοὺς
685 985 1032 1056 φιλοσόφους
1052 982 1261 1051 ἄνδρας
1288 987 1589 1053 χρησίμους
1607 979 1734 1053 ἡγεῖ
1744 979 1781 1054 ἢ

93 1066 192 1134 οὕς
225 1065 278 1123 ‘0
298 1067 356 1124 δὲ
378 1065 648 1139 ὡμολόγει
666 1074 993 1139 χρησίμους,
1024 1068 1116 1121 καὶ
1138 1065 1276 1135 πρός
1292 1087 1355 1135 γε
1374 1071 1480 1136 ἔφη
1498 1082 1780 1137 χρησιμω-
1812 1075 1843 1118 C

0 1177 1 1192 π
94 1149 293 1213 τάτους
314 1147 454 1204 εἶναι
471 1147 745 1220 ἡγεῖσθαι.
797 1151 940 1218 Φέρε
960 1147 1026 1220 δὴ
1047 1154 1293 1219 γνοῖμεν,
1316 1152 1368 1204 εἰ
1382 1145 1568 1219 ἀληθῆ
1587 1150 1779 1219 λέγεις,

0 1260 2 1271 >
96 1239 207 1288 ποῦ
236 1235 327 1288 καὶ
346 1233 602 1304 χρήσιμοι
621 1232 754 1305 ἡμῖν
770 1234 909 1289 εἰσὶν
929 1235 986 1287 οἱ
1001 1230 1242 1300 ὕπακροι
1261 1223 1445 1299 οὗτοι,
1484 1234 1656 1302 δῆλον
1674 1230 1780 1302 γάρ

0 1327 1 1330 ’
95 1315 183 1371 ὅτι
204 1316 441 1371 ἑκάστου
469 1337 533 1386 γε
552 1321 666 1371 τῶν
684 1315 781 1380 τὰς
801 1317 992 1385 τέχνας
1011 1314 1250 1385 ἐχόντων
1269 1313 1614 1385 φαυλότερός
1633 1316 1780 1370 ἐστιν

95 1398 128 1457 ὁ
148 1400 472 1470 φιλόσοφος.
501 1398 809 1471 Ὡμολόγει.
849 1401 991 1468 Φέρε
1014 1396 1080 1470 δὴ
1102 1399 1191 1466 σύ,
1211 1391 1284 1468 ἦν
1305 1396 1357 1452 δ’
1379 1398 1503 1468 ἐγώ,
1529 1402 1579 1453 εί
1597 1397 1782 1467 τύχοις

95 1482 132 1554 ἢ
151 1481 319 1548 αὐτὸς
335 1482 653 1555 α’σθενήσας
672 1480 708 1555 ἦ
727 1490 841 1539 τῶν
860 1489 1042 1554 φίλων
1061 1503 1140 1545 τις
1159 1489 1271 1535 τῶν
1290 1487 1433 1549 σῶν,
1463 1480 1587 1548 περὶ
1608 1472 1688 1535 ὦν
1711 1477 1782 1534 σὺ

99 1563 353 1636 σπουδὴν
372 1567 618 1637 μεγάλην
637 1570 798 1636 ἔχεις,
820 1566 1058 1634 πότερον
1076 1562 1271 1633 ὑγείαν
1289 1562 1630 1634 βουλόμενος
1649 1562 1784 1632 κτή-

104 1655 307 1702 σασθαι
334 1645 436 1702 τὸν
467 1645 724 1716 ὕπακρον
749 1649 966 1703 ἐκεῖνον
994 1644 1094 1702 τὸν
1112 1645 1428 1716 φιλόσοφον
1447 1645 1688 1715 εἰσάγοις
1712 1640 1783 1700 ἂν

97 1735 175 1796 εἰς
205 1728 309 1802 τὴν
339 1735 521 1786 οἰκίαν
562 1727 598 1800 ἦ
630 1729 730 1786 τὸν
759 1727 951 1797 ἰατρὸν
982 1729 1198 1800 λάβοις;
1229 1727 1599 1800 Ἀμφοτέρους
1618 1725 1780 1798 ἔγωγ’
1814 1737 1851 1779 D

96 1812 187 1883 ἄν,
210 1817 331 1883 ἔφη.
389 1813 490 1884 Μή
510 1834 620 1883 μοι,
643 1810 799 1867 εἷπον
819 1811 944 1881 ἐγώ,
965 1811 1314 1881 ἀμφοτέρους
1334 1813 1473 1882 λέγε,
1496 1808 1622 1867 ἀλλ’
1643 1809 1782 1867 ὁπό-

97 1916 262 1966 τερον
290 1897 505 1966 μᾶλλόν
533 1917 589 1951 τε
610 1898 699 1951 καὶ
719 1896 1008 1965 πρότερον.
1087 1891 1286 1957 Οὐδεὶς
1305 1893 1404 1962 ἄν,
1445 1898 1579 1964 ἔφη,
1617 1893 1782 1949 τοῦτό

94 2000 158 2050 γε
193 1978 691 2051 άμφισβητήσειεν,
730 1975 802 2043 ὡς
836 1975 957 2047 οὐχὶ
984 1977 1084 2031 τὸν
1113 1976 1306 2044 ἰατρὸν
1333 1977 1424 2031 καὶ
1452 1982 1664 2046 μᾶλλον
1692 1978 1784 2030 καὶ

95 2062 383 2130 πρότερον.
460 2068 529 2117 Τί
547 2060 631 2125 ᾱ’;
668 2064 729 2116 έν
756 2064 852 2131 νηῒ
867 2063 1224 2130 χειμαζομένῃ
1244 2061 1456 2132 ποτέρῳ
1478 2055 1550 2113 ἂν
1568 2063 1782 2128 μᾶλλον

96 2146 404 2212 ἐπιτρέποις
420 2144 620 2199 ἑαυτόν
638 2165 695 2198 τε
717 2145 807 2198 καὶ
828 2141 892 2196 τά
914 2147 1178 2210 σεαυτοῦ,
1214 2148 1292 2214 τῷ
1310 2140 1624 2212 κυβερνήτῃ
1644 2135 1684 2210 ἦ
1703 2145 1781 2212 τῷ

100 2226 419 2299 φιλοσόφῳ;
474 2232 563 2299 Τῷ
600 2226 914 2297 κυβερνήτῃ
951 2228 1135 2293 ἔγωγε.
1214 2221 1443 2279 Οὐκοῦν
1482 2223 1572 2278 καὶ
1609 2215 1781 2277 τᾶλλα

97 2306 278 2364 πάνθ’
299 2306 492 2374 οὕτως,
513 2309 615 2371 ἕως
635 2306 707 2361 ἄν
725 2328 806 2370 τις
825 2304 1161 2377 ὸημιουργός
1177 2298 1240 2377 ᾗ,
1262 2303 1332 2360 οὐ
1349 2304 1615 2376 χρήσιμός
1633 2306 1780 2360 ἐστιν

96 2387 128 2445 ὁ
150 2392 486 2460 φιλόσοφος;
527 2395 811 2458 Φαίνεται,
834 2395 955 2459 ἔφη.
1030 2387 1261 2444 Οὐκοῦν
1280 2394 1388 2442 νῦν
1407 2386 1677 2458 ἄχρηστός
1696 2409 1777 2452 τις
1809 2397 1844 2438 Ε

95 2470 229 2542 ἡμῖν
251 2474 398 2527 ἐστὶν
427 2469 455 2526 ὁ
482 2473 817 2542 φιλόσοφος;
856 2475 958 2527 εἰσὶ
990 2469 1097 2541 γὰρ
1122 2468 1255 2542 ἡμῖν
1277 2468 1367 2526 άεί
1380 2491 1492 2526 που
1513 2474 1784 2542 δημιουρ-

96 2561 191 2626 γοί
202 2575 212 2585 ·
235 2551 667 2625 ὡμολογήσαμεν
688 2555 743 2610 δὲ
765 2553 894 2618 τούς
912 2555 1015 2624 μὲν
1036 2553 1290 2624 ἀγαθούς
1307 2560 1606 2625 χρησίμους
1626 2553 1782 2623 εἶναι,

95 2636 228 2702 τοὺς
248 2640 304 2692 db
333 2634 655 2707 μοχθηρούς
684 2634 1005 2706 ἀχρήστους.
1074 2634 1434 2706 Ἠναγκάζετο
1471 2633 1780 2706 ὁμολογεῖν.

240 2726 323 2775 Ἣ.
402 2725 472 2775 Τί
486 2714 590 2774 οὖν
609 2718 742 2790 μετὰ
762 2726 954 2785 τοῦτο;
994 2724 1205 2790 ἔρωμαί
1231 2736 1291 2774 σε
1321 2715 1356 2790 ἢ
1387 2716 1784 2789 άγροικότερόν

98 2803 246 2857 ἐστιν
264 2804 518 2871 ἐρε’σθαι;
550 2801 712 2871 Ἐροῦ
730 2799 763 2857 ὅ
788 2823 839 2857 τι
868 2801 1070 2873 βούλει.
1133 2801 1316 2857 Οὐδὲν
1345 2800 1441 2873 δή,
1481 2805 1626 2872 ἔφην
1656 2800 1781 2873 ἐγώ,
