2028 3198
659 136 1248 186 ΠΑΡΜΕΝΙΔΗΣ.
1729 128 1797 181 37

118 273 288 344 ταύτῃ
317 272 384 343 δὴ
414 268 628 339 ἀνάγκη
668 267 1016 338 πρεσβύτερά
1042 288 1101 322 τε
1136 269 1228 324 καὶ
1262 266 1504 337 νεώτερα
1542 262 1796 335 ἀλλήλων

116 360 406 425 γίγνεσθαι
421 351 488 406 τά
501 371 560 406 τε
574 348 716 405 ἄλλα
732 354 835 403 τοῦ
855 346 978 410 ἑνὸς
997 349 1087 402 καὶ
1106 346 1168 403 τὸ
1190 350 1251 403 ἓν
1267 353 1381 403 τῶν
1398 346 1612 412 ἅλλων;
1631 344 1795 400 Πάνυ

116 437 218 507 μὲν
235 428 356 490 οὐν.
413 433 567 487 Κατὰ
602 428 669 500 δὴ
702 430 884 485 πάντα
912 435 1084 483 ταῦτα
1113 428 1175 484 τὸ
1198 432 1259 483 ἓν
1278 427 1416 484 αὐτό
1432 451 1489 484 τε
1509 426 1684 484 αὑτοῦ
1704 429 1794 483 καὶ

115 520 230 572 τῶν
257 513 442 569 ἄλλων
469 511 853 583 πρεσβύτερον
879 510 972 565 καὶ
1000 509 1274 579 νεώτερον
1294 515 1405 564 ἔστι
1423 532 1481 565 τε
1500 511 1591 566 καὶ
1607 515 1793 579 γίγνε-

115 617 228 661 ται,
254 595 345 649 καὶ
363 591 491 648 οὔτε
510 591 891 663 πρεσβύτερον
909 588 1038 645 οὔτε
1056 588 1331 657 νεώτερον
1349 589 1467 645 οὔτ’
1493 596 1643 646 ἔστιν
1663 587 1792 644 οὔτε

111 681 356 744 γίγνεται
375 671 504 729 οὔτε
518 670 695 727 αὑτοῦ
714 671 843 727 οὕτε
861 676 975 725 τῶν
993 670 1192 726 άλλων.
1234 676 1530 734 Παντελῶς
1547 669 1649 740 μὲν
1668 662 1790 724 οὐν.

104 750 319 826 Ἐπειδὴ
342 756 400 811 δὲ
415 755 624 824 χρόνον
638 754 845 824 μετέχει
859 750 920 808 τὸ
937 754 1000 807 ἓν
1014 753 1104 807 καὶ
1119 773 1221 807 του
1203 751 1618 823 πρεσβύτερόν
1631 772 1688 806 τε
1703 750 1794 806 καὶ
1826 753 1860 793 D

112 838 385 905 νεώτερον
402 841 711 906 γίγνεσθαι,
733 830 813 904 ἆρ’
836 832 939 889 οὐκ
954 832 1166 904 ἀνάγκη
1185 834 1276 889 καὶ
1289 854 1390 888 του
1370 833 1536 888 ποτε
1552 836 1793 903 μετέχειν

110 919 199 974 καὶ
214 939 315 973 του
296 922 513 973 ἔπειτα
529 919 619 972 καὶ
637 923 739 971 τοῦ
752 922 878 983 νῦν,
894 924 1046 983 εἴπερ
1062 916 1270 985 χρόνον
1286 917 1517 986 μετέχεις
1536 911 1790 983 Ἀνάγκη.

106 994 205 1055 Ην
236 999 345 1068 ἄρα
373 997 434 1054 τό
468 1001 529 1054 ἓν
550 1000 639 1054 καὶ
658 1001 772 1052 ἔστι
790 997 880 1052 καὶ
898 1000 1046 1052 ἔσται
1065 997 1203 1053 καὶ’
1177 1001 1419 1067 εγίγνετο
1441 995 1530 1050 καὶ
1549 1001 1792 1064 γίγνεται

109 1083 199 1137 καὶ
218 1081 522 1151 γενήσεται.
578 1084 649 1135 Τί
660 1078 801 1149 μήν;
839 1079 949 1134 Καὶ
968 1086 1050 1149 εἴη
1071 1078 1143 1134 ἄν
1160 1100 1212 1133 τι
1230 1081 1423 1150 ἐκείνω
1443 1077 1534 1132 καὶ
1556 1078 1789 1144 ἐκείνου,

108 1164 199 1219 καὶ
216 1157 288 1234 ἦν
302 1164 394 1219 καὶ
410 1168 524 1219 ἔστι
536 1162 629 1217 καὶ
644 1164 808 1216 ἔσται.
845 1159 1005 1216 Πάνυ
1019 1182 1096 1230 γε.
1125 1161 1235 1217 Καὶ
1249 1157 1516 1229 ἐπιστήμη
1534 1155 1600 1228 δὴ
1620 1165 1702 1227 εἴη
1719 1152 1791 1210 ἂν

109 1241 285 1300 αὐτοῦ
303 1247 394 1300 καὶ
414 1243 544 1309 δόξα
562 1243 653 1299 καὶ
672 1249 950 1314 αἴσθησις,
972 1249 1124 1311 εἴπερ
1145 1243 1236 1299 καὶ
1254 1248 1362 1298 νῦν
1376 1240 1531 1314 ἡμεῖς
1545 1241 1669 1309 περὶ
1686 1236 1790 1294 αὐ-

109 1332 208 1380 τοῦ
237 1325 419 1380 πάντα
447 1331 619 1380 ταῦτα
639 1325 964 1396 πράττομεν.
1013 1323 1224 1394 Ὀρθῶς
1242 1326 1429 1394 λέγεις.
1484 1323 1592 1378 Καὶ
1611 1320 1789 1392 ὄνομα

108 1405 175 1477 δὴ
196 1408 286 1461 καὶ
303 1405 467 1476 λόγος
485 1408 632 1463 ἐστὶν
651 1404 828 1479 αὐτῷ,
866 1406 958 1460 καὶ
976 1403 1295 1475 ὀνομάζεται
1315 1406 1406 1460 καὶ
1425 1408 1636 1473 λέγεται
1650 1424 1661 1435 ·
1697 1404 1789 1457 καὶ

106 1486 316 1557 ὅσαπερ
335 1490 425 1544 καὶ
445 1490 569 1557 περὶ
586 1488 653 1543 τὰ
671 1487 810 1543 ἄλλα
829 1494 941 1542 τῶν
960 1487 1229 1543 τοιούτων
1246 1487 1503 1557 τυγχάνει
1523 1485 1675 1556 ὅντα,
1696 1486 1786 1540 καὶ
1818 1498 1848 1538 E

107 1573 230 1639 περὶ
249 1570 310 1627 τὸ
333 1573 395 1626 ἓν
411 1573 575 1627 ἐστιν.
612 1577 908 1635 Παντελῶς
926 1570 1029 1641 μὲν
1047 1564 1154 1625 οὐν
1171 1574 1277 1641 ἔχει
1295 1567 1487 1634 οὕτως.

247 1660 379 1709 XXI.
438 1652 558 1708 Ἔτι
588 1651 654 1724 δὴ
689 1651 747 1708 τὸ
766 1659 952 1721 τρίτον
974 1654 1231 1723 λέγωμεν.
1271 1649 1333 1707 τὸ
1355 1653 1415 1706 ἓν
1434 1656 1485 1707 εἰ
1498 1654 1647 1705 ἔστιν
1665 1644 1786 1705 οἷον

107 1735 544 1806 διεληλύθαμεν,
579 1729 672 1804 ἆρ’
695 1732 798 1789 οὐκ
818 1733 1031 1805 ἀνάγκη
1052 1733 1189 1789 αὐτό
1203 1776 1218 1804 ,
1250 1735 1311 1788 ἕν
1328 1754 1386 1788 τε
1410 1729 1478 1788 ὂν
1496 1732 1783 1787 καὶπολλὰ

106 1819 196 1872 καὶ
218 1817 352 1887 μήτε
375 1819 435 1871 ἓν
453 1817 587 1888 μήτε
607 1814 782 1871 πολλὰ
803 1817 895 1872 καὶ
911 1818 1138 1886 μετέχον
1155 1818 1390 1887 χρόνου,
1412 1813 1497 1870 ὅτι
1515 1814 1615 1885 μὲν
1635 1817 1784 1869 ἔστιν
1851 1803 1857 1810 ”

103 1900 193 1969 ἔν,
225 1897 416 1963 οὐσίας
438 1900 680 1968 μετέχειν
699 1900 855 1966 ποτέ,
886 1896 969 1953 ὅτι
989 1897 1043 1953 δ’
1067 1897 1171 1954 οὐκ
1189 1902 1329 1967 ἔστι,
1349 1895 1424 1968 μὴ
1445 1897 1690 1968 μετέχειν
1711 1889 1784 1950 αὐ

103 1981 232 2037 ποτὲ
251 1979 471 2045 οὐσίας·
457 2022 471 2046 ,
502 1976 753 2051 Ἀνάγκη
785 1974 900 2049 Αρ’
926 1974 1032 2035 οὐν
1052 1979 1143 2036 ὅτε
1161 1981 1395 2051 μετέχει,
1417 1974 1539 2035 οἷόν
1554 2000 1613 2034 τε
1633 1983 1783 2034 ἔσται

102 2062 223 2118 τότε
253 2061 327 2133 μὴ
356 2064 626 2133 μετέχειν
664 2058 701 2133 ἢ
730 2059 820 2117 ὅτε
846 2062 919 2132 μὴ
940 2065 1175 2133 μετέχει,
1212 2063 1479 2133 μετέχειν;
1522 2058 1640 2130 Οὐχ
1660 2056 1783 2115 οἷόν

103 2165 176 2200 τε.
231 2144 319 2199 Ἐν
349 2144 499 2217 ἄλλῳ
526 2142 635 2212 ἄρα
662 2145 845 2219 χρόνω
873 2148 1078 2214 μετέχει
1097 2146 1188 2199 καὶ
1209 2146 1269 2198 ἐν
1288 2141 1436 2215 ἄλλῳ
1458 2162 1527 2196 ου
1514 2139 1778 2211 ’·μετέχει

104 2224 253 2282 οὕτω
283 2222 458 2296 γάρἰ
421 2249 494 2283 αν
522 2227 705 2298 μόνως
734 2233 836 2283 τοῦ
855 2226 1029 2281 αὐτοῦ
1048 2227 1257 2294 μετέχοι
1278 2245 1335 2279 τε
1355 2225 1445 2279 καὶ
1465 2244 1535 2278 ου
1520 2221 1778 2294 ’μετέχοι.

97 2305 323 2377 Ὀρθῶς.
381 2306 611 2365 Οὐκοῦν
629 2314 740 2364 ἔστι
758 2311 847 2364 καὶ
867 2301 1030 2371 οὗτος
1048 2306 1247 2376 χρόνος
1267 2304 1358 2361 ὅτε
1377 2303 1782 2377 μεταλαμβάνει
1810 2322 1895 2368 156

100 2397 202 2443 τοῦ
219 2389 358 2445 εἶναι
376 2393 466 2446 καὶ
485 2390 574 2446 ὅτε
591 2390 988 2446 ἀπαλλάττεται
1007 2386 1209 2454 αὐτοῦς
1229 2386 1265 2459 ἢ
1283 2394 1398 2452 πῶς
1418 2384 1538 2443 οἷόν
1554 2407 1613 2442 τε
1631 2389 1780 2442 ἔσται

100 2470 217 2525 τοτὲ
239 2473 341 2540 μὲν
361 2474 502 2540 ἔχειν
522 2470 584 2526 τὸ
605 2469 741 2527 αὐτό
754 2513 770 2541 ,
803 2470 922 2526 τοτὲ
943 2471 1000 2526 δὲ
1018 2469 1093 2542 m)
1115 2474 1280 2541 ἔχειν,
1320 2470 1421 2525 ἐὰν
1441 2467 1518 2540 μή
1538 2488 1668 2524 ποτε
1689 2469 1780 2524 καὶ

101 2551 355 2622 λαμβάνῃ
384 2549 519 2606 αὐτὸ
550 2554 641 2607 καὶ
669 2551 833 2624 ἀφίῃ;
872 2549 1157 2623 Οὐδαμῶς.
1220 2551 1294 2607 Τὸ
1317 2550 1383 2623 δὴ
1405 2550 1595 2616 οὐσίας
1613 2572 1780 2622 μετα-

29 2629 38 2698 ’,
98 2633 404 2704 λαμβάνειν
450 2627 543 2703 ἆρ’
593 2631 662 2688 οὐ
709 2639 1000 2703 γίγνεσθαι
1034 2640 1243 2698 καλεῖς;
1300 2633 1525 2704 '‘Eycoye.
1605 2631 1679 2688 Τό
1720 2634 1779 2688 δὲ

98 2712 544 2770 ἀπαλλάττεσθαι
580 2712 771 2780 οὐσίας
808 2709 900 2783 ἆρ’
932 2713 1036 2771 οὐκ
1065 2714 1450 2782 α’πόλλυσθαι;
1487 2716 1597 2771 Καὶ
1626 2713 1778 2771 πάνυ

22 2819 51 2842 ·-
101 2818 176 2865 γε.
239 2797 312 2853 Τὸ
345 2800 404 2853 ἓν
434 2797 503 2869 δή
516 2839 532 2867 ,
573 2795 644 2863 ὥς
672 2802 838 2869 ἔοικε,
866 2798 1152 2871 λαμβάνον
1178 2820 1235 2854 τε
1265 2799 1354 2854 καὶ
1384 2795 1547 2868 ἀφιὲν
1579 2794 1778 2853 οὐσίαν
