2028 3198
795 143 1180 189 PRAEFaTto.
1824 153 1900 186 vit

93 263 212 306 serit.
275 263 437 305 Ibidem
466 273 512 303 τι
543 265 641 303 ante
669 258 830 312 τρίτον
854 261 943 315 jam
974 273 1002 303 a
1033 260 1134 302 Tur.
1160 259 1372 302 seclusum
1400 272 1496 301 cum
1523 259 1659 303 Oxou.
1686 258 1894 313 expunxi.

93 342 152 351 —
180 320 226 362 P.
259 317 315 362 14
335 320 371 362 Ε
400 311 516 362 ἄλλα
549 314 667 373 μέρη
693 318 834 361 Herm.
867 331 920 360 ex
955 320 1065 372 conj.
1098 330 1176 372 pro
1205 309 1304 371 ἅμα
1336 312 1469 373 μέρη,
1502 317 1617 371 quod
1642 317 1775 358 miror
1800 316 1891 357 edi·

93 385 209 421 tores
247 389 394 419 omnes
438 389 727 432 propagasse,
768 388 898 429 quum
941 382 1110 430 praeter
1151 378 1341 419 membra
1370 377 1498 418 etiam
1528 375 1639 417 aliae
1669 373 1890 416 hominum

92 441 235 491 partes
258 435 359 484 sint,
392 437 628 488 mirumque
659 434 767 476 foret
795 433 994 475 membris
1025 434 1297 487 peculiariter
1323 434 1404 476 hoc
1426 434 1543 485 addi,
1573 439 1621 475 ut
1653 433 1801 474 eadem
1831 433 1890 472 si-

91 491 178 535 mul
201 499 346 546 partes
370 495 558 547 corporis
583 492 842 540 dicerentur;
867 493 998 533 immo
1023 503 1130 543 quas
1158 498 1300 546 partes
1324 492 1366 533 in
1395 492 1476 533 hac
1501 491 1748 544 quaestione
1771 489 1889 531 Plato

20 571 30 582 ·
90 550 219 592 etiam
253 558 421 604 praeter
459 551 649 593 membra
687 550 942 604 respexerit,
975 552 1170 604 geminus
1218 550 1336 591 locus
1381 550 1501 591 docet
1530 550 1724 592 Parmen.
1763 561 1802 590 c.
1835 546 1888 601 3:

29 649 35 655 ,
92 599 157 654 ὥς
185 600 319 661 ἔτερα
346 603 432 661 μὲν
464 603 523 650 τὰ
551 601 630 649 ἐπὶ
665 600 798 658 δεξιοὶ
827 598 919 661 μού
946 598 1040 647 ἐστι
1071 618 1113 647 κ.
1131 618 1172 647 τ.
1190 605 1230 648 λ.
1263 632 1321 640 -
1350 607 1398 649 Ρ.
1420 607 1473 650 15
1492 609 1531 648 A
1559 597 1742 659 σπουδὴ
1775 597 1891 659 μετὰ

91 661 360 717 διαιρέσεως
391 674 590 720 tanquam
623 667 1039 720 interpretamentum
1070 665 1288 717 sequentis
1322 657 1671 722 ἀμφισβήτησις
1711 664 1891 706 circum-

30 739 34 742 *
87 723 256 778 scripsi.
318 723 577 766 Structuram
608 724 800 765 laborare
823 724 915 778 ,iam
940 721 1164 764 Schfitzius
1194 722 1412 771 intellexit,
1443 723 1518 775 qui
1536 723 1718 777 Opuscc.
1741 733 1786 776 p.
1804 719 1892 764 134

90 777 172 822 καὶ
203 789 300 823 ante
330 776 445 835 μετὰ
476 783 602 824 inseri
631 782 783 835 jussit3
814 779 1080 822 Stallbaumii
1111 788 1252 822 autem
1281 780 1534 835 explicatio,
1567 793 1652 833 qna
1683 779 1889 828 studium,

89 838 205 892 quod
235 839 515 882 distinctionis
545 839 703 881 anxilio
733 845 890 889 utatur,
923 840 964 879 in
998 839 1304 881 dubitationem
1335 845 1376 880 et
1407 839 1739 880 controversiam
1770 838 1891 879 exire

89 898 171 944 ait,
210 897 356 939 dubito
387 910 440 939 au
468 911 493 939 a
522 897 707 938 Platonis
735 897 945 939 sententia
984 896 1227 946 abhorreat,
1269 898 1343 950 qui
1373 897 1415 938 in
1445 896 1636 938 Phaedro
1670 909 1704 937 c.
1734 892 1793 938 49
1825 896 1890 937 di·-

86 955 343 1008 stinguendo
376 955 667 997 altercationes
696 956 892 1008 componi
930 956 1074 1009 potius
1106 967 1232 1007 qnam
1261 955 1438 996 excitari
1463 960 1622 998 censet.
1658 976 1716 983 —
1753 954 1801 995 P.
1835 950 1890 995 16

29 1036 34 1038 -
85 1012 121 1053 E:
152 1006 256 1054 τότε
286 1006 329 1052 δ’
357 1004 449 1066 ἤδη
474 1011 603 1061 VBS,
635 1006 737 1054 τότε
770 1009 828 1065 δή
863 1009 943 1053 δεῖ
964 1014 997 1053 Τ
1026 1025 1119 1054 cnm
1150 1012 1206 1061 O;
1250 1019 1291 1054 at
1325 1013 1430 1054 talia
1463 1013 1528 1054 vel
1561 1012 1750 1066 optimus
1781 1010 1891 1053 liber

16 1080 24 1082 ’
82 1072 247 1128 passim
278 1071 521 1120 confundit,
563 1083 641 1113 nec
673 1072 709 1111 si
741 1083 886 1112 omnes
918 1071 1194 1124 manuscripti
1230 1072 1271 1111 in
1304 1083 1354 1111 eo
1386 1071 1687 1120 consentirent,
1723 1069 1890 1111 lenissi-

12 1134 38 1183 2
83 1140 198 1171 mam
230 1130 388 1183 pariter
417 1137 542 1183 atque
575 1129 934 1184 elegantissimam
962 1129 1301 1170 emendationem
1328 1141 1473 1170 eorum
1501 1127 1740 1170 auctoritati
1770 1133 1890 1181 post-

13 1184 21 1192 '
84 1185 300 1228 haberem.
339 1209 397 1218 —
435 1188 482 1229 P.
518 1184 572 1229 17
606 1189 643 1228 Α
680 1179 738 1227 τὰ
776 1180 923 1227 πολλὰ
955 1187 1020 1240 (h.
1061 1200 1098 1228 e.
1127 1186 1389 1241 plerumque)
1423 1186 1563 1228 Herm.
1601 1198 1653 1227 ex
1681 1184 1890 1227 Dindorfli

34 1237 38 1243 ⁴
86 1245 199 1298 conj.
228 1256 305 1299 pro
339 1241 418 1285 καὶ
451 1238 623 1298 πολλά,
664 1245 779 1298 quod
820 1246 873 1286 ab
906 1244 986 1286 hoc
1025 1244 1115 1286 loco
1149 1245 1331 1286 alienum
1366 1257 1459 1287 esse
1492 1245 1620 1286 etiam
1659 1243 1891 1285 Klitschius

86 1302 129 1342 in
160 1314 303 1356 progr.
338 1303 484 1343 Zwicc.
518 1316 557 1343 a.
595 1299 704 1345 1841
735 1305 840 1343 scite
870 1303 1095 1346 intellexit,
1150 1302 1358 1344 Nimirum
1395 1303 1448 1343 de
1478 1315 1560 1345 uno
1596 1308 1759 1344 tantum
1794 1302 1888 1356 agi-

85 1366 176 1409 tur,
219 1359 301 1401 hoc
341 1367 403 1401 est
434 1361 486 1401 de
522 1360 792 1413 notionibus,
835 1373 941 1413 quas
979 1361 1108 1415 vulgo
1150 1361 1418 1403 festinantius
1455 1361 1652 1415 componi
1694 1359 1890 1401 Socrates

14 1435 20 1441 -
84 1418 274 1469 queritur
304 1430 438 1469 eaque
473 1418 524 1458 de
557 1430 686 1458 causa
717 1418 882 1471 species
914 1430 936 1458 a
969 1419 1194 1471 generibus
1223 1426 1334 1461 recte
1365 1419 1572 1474 distingui
1606 1424 1755 1471 negat,
1800 1417 1889 1458 fere

85 1481 131 1515 nt
151 1474 313 1518 Politia.
332 1488 371 1516 c.
390 1473 418 1518 6
448 1475 833 1530 reprehenduntur,
869 1477 940 1527 qui
970 1477 1282 1518 diversissimas
1315 1484 1464 1530 gentes
1495 1490 1579 1518 uno
1613 1477 1886 1517 barbarorum

84 1532 253 1573 nomine
283 1532 665 1587 comprehendant;
698 1534 835 1574 multis
861 1542 999 1574 autem
1028 1535 1069 1573 in
1095 1533 1175 1574 hac
1199 1534 1526 1588 reprehensione
1554 1534 1670 1575 locus
1698 1545 1782 1574 nou
1808 1539 1887 1577 est,

82 1589 263 1644 ideoque
285 1590 515 1632 Klitschius
542 1587 600 1630 τὰ
633 1582 780 1630 πολλὰ
803 1599 901 1645 post
930 1589 1046 1644 μέσα
1070 1593 1213 1645 potius
1241 1592 1441 1646 ponenda
1468 1605 1562 1633 esse
1587 1593 1774 1639 censuit;
1803 1602 1889 1643 qua

83 1648 376 1690 emendatione
417 1657 604 1689 nostram
649 1649 848 1689 leniorem
891 1662 985 1690 esse
1028 1650 1231 1698 arbitror,
1275 1650 1521 1703 praesertim
1556 1662 1687 1702 quum
1730 1643 1808 1689 καὶ
1846 1655 1889 1688 et

6 1717 15 1723 ·
82 1706 304 1746 articulum
332 1707 493 1759 passim
525 1705 725 1747 confundi
759 1719 783 1747 a
817 1707 1000 1748 librariis
1031 1714 1218 1755 constet3
1252 1707 1305 1748 cf.
1342 1719 1419 1748 nos
1452 1708 1507 1750 ad
1537 1707 1710 1748 Lucian.
1736 1702 1886 1760 p.319

81 1768 123 1803 et
153 1762 195 1804 in
227 1761 445 1805 Ritschelii
477 1762 584 1805 Mus.
603 1762 795 1805 Rhenan.
818 1764 865 1804 T.
890 1765 936 1805 Π.
956 1778 999 1818 p.
1020 1762 1119 1808 598.
1159 1787 1213 1794 —-
1246 1765 1292 1806 Ρ.
1326 1762 1376 1806 17
1409 1764 1442 1804 Β
1474 1759 1592 1819 ἡμῖν
1623 1771 1722 1819 post
1746 1756 1884 1818 φωνὴ

80 1813 168 1872 μὲν
208 1833 304 1861 cum
337 1820 370 1862 Ο
406 1828 447 1862 et
479 1819 508 1861 S
542 1821 711 1877 expuli;
757 1834 857 1863 mox
899 1831 1038 1863 autem
1081 1829 1178 1877 post
1216 1817 1354 1875 φωνή
1390 1817 1475 1875 μέν
1515 1834 1608 1863 που
1647 1822 1714 1863 vel
1754 1822 1886 1863 invito

81 1875 218 1919 oxon.
252 1873 332 1918 nat
362 1890 455 1919 cum
483 1877 588 1919 VBS
624 1880 774 1920 retinui
807 1880 1029 1933 solumque
1061 1893 1244 1932 sequens
1275 1874 1327 1921 τὸ
1361 1881 1564 1934 expunxi,
1598 1881 1696 1933 quia
1727 1893 1780 1922 ex
1812 1892 1888 1921 an-

77 1935 370 1978 tecedentibus
395 1934 504 1977 male
533 1938 726 1978 iteratum
753 1949 847 1978 esse
874 1939 1055 1987 videtur,
1087 1939 1308 1992 ipsiusque
1334 1934 1414 1979 καὶ
1452 1939 1645 1980 defectus
1674 1939 1716 1979 iu
1742 1936 1878 1979 Oxou.

4 1998 24 2027 >⁹
80 1993 160 2034 sisi
191 2006 245 2035 ex
281 2006 402 2046 sequ.
433 1988 551 2035 κατὰ
582 1995 858 2037 similitudine
892 2009 973 2037 non
1003 1997 1252 2050 explicatur.
1314 1996 1436 2037 Talia
1469 1999 1580 2038 enim
1612 1996 1679 2037 vel
1712 1996 1885 2050 optimis

6 2031 33 2089 ξ’
77 2062 156 2091 usn
190 2053 359 2093 venisse
393 2053 518 2093 etiam
560 2065 604 2107 p.
642 2050 692 2095 17
725 2054 758 2094 Ε
788 2056 948 2107 arguit.
993 2055 1065 2095 ubi
1099 2046 1248 2095 ὄντων
1278 2061 1377 2110 post
1406 2053 1500 2095 τῶν
1531 2068 1608 2109 per
1640 2054 1885 2095 homoeote-

11 2114 34 2135 ⁴·
77 2108 216 2150 teuton
258 2110 439 2156 excidit:
481 2111 523 2151 ld
556 2123 657 2152 vero
698 2117 857 2152 tantum
897 2113 1016 2153 abest
1057 2119 1099 2152 ut
1152 2112 1356 2165 reliquam
1399 2126 1545 2153 eorum
1588 2112 1881 2153 auctoritatem

2 2154 35 2214 f-
74 2165 233 2214 elevet,
276 2175 319 2208 ut
349 2168 499 2209 iisdem
532 2169 709 2210 ducibus
741 2182 822 2210 non
858 2171 994 2211 solum
1030 2164 1084 2210 ιἐν
1123 2177 1219 2223 post
1250 2163 1401 2210 ὄντων
1432 2183 1527 2211 cnm
1559 2170 1656 2210 Tur.
1690 2170 1883 2214 retinere.

0 2229 13 2244 ·
75 2222 152 2266 sed
194 2226 321 2266 etiam
360 2238 458 2267 mox
499 2221 606 2278 περὶ
645 2219 823 2267 τούτων
865 2240 941 2282 pro
974 2223 1080 2278 περὶ
1121 2225 1256 2268 τοῦτο
1294 2229 1459 2283 primus
1499 2228 1720 2270 restituere
1752 2238 1883 2270 ausus

9 2277 29 2336 f
74 2281 174 2323 sim.
220 2282 368 2325 Stallb.
403 2291 514 2326 certe
543 2284 656 2337 qnod
688 2287 920 2340 genitivum
954 2299 977 2325 a
1018 2286 1176 2326 criticis
1219 2287 1431 2328 invectum
1465 2287 1734 2340 suspicatur,
1775 2297 1883 2338 quos

74 2338 297 2382 offenderit
335 2348 544 2383 structura
586 2337 778 2395 ἔμφρων
822 2341 932 2396 περί
959 2355 1016 2390 τι,
1056 2343 1206 2384 eodem
1243 2345 1339 2398 jure
1369 2345 1625 2385 contrarium
1658 2344 1880 2392 defendes,

74 2408 205 2448 quum
237 2406 382 2439 neutra
420 2399 568 2441 harum
600 2402 959 2443 constructionum
993 2401 1123 2442 altera
1162 2401 1409 2443 insolentior
1439 2402 1519 2448 sit:
1566 2401 1697 2443 multo
1738 2407 1879 2442 autem

77 2452 347 2497 verisimilius
383 2463 446 2497 est
482 2458 745 2511 singularem
783 2457 917 2499 τοῦτο
951 2460 1226 2514 grammatico
1258 2460 1426 2514 deberi,
1469 2461 1541 2512 qui
1582 2459 1761 2501 eundem
1803 2472 1880 2499 nu-

76 2523 237 2552 merum
270 2512 311 2554 tn
343 2515 691 2557 antecedentibus
722 2516 916 2558 vidisset.
979 2517 1023 2558 in
1062 2517 1144 2558 ilnc
1178 2519 1331 2573 capitis
1362 2509 1412 2557 ἔν
1445 2525 1541 2559 ante
1572 2510 1731 2557 ου’δενὶ
1765 2516 1879 2571 apud

74 2569 178 2610 Tur.
210 2582 312 2610 cazn
344 2577 504 2612 tantum
538 2573 751 2613 excidisse
785 2574 962 2615 videtur.
1002 2595 1060 2606 —-
1099 2576 1143 2619 Ρ.
1181 2573 1235 2619 19
1267 2575 1298 2616 C
1326 2572 1589 2616 λανθάνειν
1621 2567 1766 2615 αὑτὸν
1797 2586 1876 2628 pro

70 2624 211 2667 λανθ.
245 2619 389 2668 αὔτόν
417 2622 558 2670 αὑτὸν
582 2629 719 2670 llerm.
745 2643 796 2672 ex
821 2631 954 2673 Oxou.
982 2634 1189 2688 vestigiis,
1220 2634 1291 2686 qui
1323 2647 1374 2675 cx
1395 2634 1516 2689 vulg.
1542 2633 1641 2675 lect.
1665 2633 1877 2687 posterius

70 2675 216 2726 αὖςόν
237 2686 427 2727 omittere
452 2687 651 2732 traditur:
704 2688 787 2729 uod
810 2690 887 2731 etsi
909 2697 1081 2745 propter
1101 2690 1471 2733 homoeoteleuton
1492 2704 1661 2744 quoque
1680 2689 1877 2732 accidere

104 2748 254 2790 oterat,
286 2742 389 2786 mihi
415 2751 552 2786 tamen
584 2701 725 2786 αὕτέν
748 2745 1019 2790 additamenti
1043 2750 1229 2803 speciem
1255 2750 1442 2803 praebet,
1475 2749 1722 2803 praesertim
1745 2760 1874 2802 quum

109 2797 194 2842 isto
229 2800 331 2843 alibi
362 2801 501 2843 solum
536 2796 707 2843 ἔλαθεν
742 2795 908 2846 ἑαυτὸν
939 2815 1137 2861 usurpet,
1180 2807 1349 2863 Protag.
1385 2821 1423 2851 c.
1461 2806 1508 2848 11
1531 2837 1542 2857 ,
1581 2805 1710 2862 Gorg.
1746 2819 1785 2849 c.
1818 2802 1877 2848 26

75 2861 157 2898 ate.
187 2879 240 2888 —-
273 2859 317 2900 P.
341 2857 399 2902 20
421 2861 450 2901 Β
482 2853 600 2912 πρὸς
632 2854 682 2902 δὲ
713 2853 872 2908 αὐτοῖς
903 2862 937 2904 11
969 2877 1062 2905 cum
1085 2864 1180 2905 Vat.
1208 2865 1250 2905 Δ
1270 2873 1309 2906 et
1340 2866 1447 2906 Ven.
1474 2862 1533 2915 Π,
1568 2877 1705 2918 neque
1738 2862 1875 2907 Oxon.
