2028 3198
94 0 466 44 x‡<-·.··‘“0·‘ss“
527 2 550 15 “
713 12 745 41 “«
815 39 819 42 -

0 46 148 155 ἧς,
645 89 1183 139 ΣΤΜΠΟΣΙΟΝ.
1219 65 1224 69 ’
1652 89 1754 143 167

70 222 210 280 ἄλλα
241 226 379 295 φημὶ
408 222 689 280 νεώτατον
717 219 889 277 αὐτὸν
922 220 1061 277 εἶναι
1087 226 1242 277 θεῶν
1268 223 1361 279 καὶ
1388 221 1472 279 ἀεὶ
1491 226 1650 294 νέον,
1687 223 1753 280 τὰ
1789 231 1820 274 C

73 306 133 376 δὲ
158 302 363 361 παλαιά
393 304 686 375 πράγματα
704 303 830 372 περὶ
847 303 1046 370 θεούς,
1086 301 1122 357 ἃ
1143 300 1395 370 Ἡσίοδος
1418 306 1509 361 καὶ
1526 310 1755 378 Παρμε-

72 390 226 458 νίδης
245 388 520 457 λέγουσιν,
534 382 772 455 Ἀνάγκῃ
793 384 881 438 καὶ
903 381 1208 451 ούκἜρωτι
1223 387 1529 457 γεγονέναι,
1551 391 1603 443 εἰ
1614 389 1755 443 ἐκεῖ-

71 488 160 522 νοι
189 465 374 538 ἀληθῆ
402 470 619 536 ἔλεγον·
657 462 724 520 οὐ
755 462 862 534 γὰρ
892 459 966 518 ἄν
983 466 1204 535 ε’κτομαὶ
1225 464 1355 522 οὐδὲ
1374 469 1564 538 δεσμοὶ
1583 465 1756 539 ἀλλή-

70 557 186 604 λων
204 550 488 619 ἐγίγνοπο
508 549 598 604 καὶ
619 546 758 602 ἅλλα
777 545 954 602 πολλὰ
973 548 1064 603 καὶ
1082 553 1262 619 βίαια,
1297 553 1351 604 εἰ
1365 547 1539 617 Ἔρως
1566 551 1628 607 ἐν
1648 549 1754 605 αῦ-

68 642 182 695 vocs
208 624 308 700 ἦν,
346 627 487 685 ἄλλα
518 634 671 700 φιλία
691 630 780 685 καὶ
800 630 1018 701 εἰρήνη,
1041 646 1224 699 ωσπερ
1244 635 1381 700 νῦν,
1421 632 1474 696 ἐξ
1493 624 1566 686 οὗ
1578 630 1754 701 '‘Epo-09

71 718 183 766 τῶν
209 717 366 767 θεων
394 712 688 782 βασιλεύει.
745 714 869 776 νέος
889 710 991 781 μὲν
1008 732 1115 766 ουν
1133 714 1273 778 ἐστί,
1313 710 1451 781 πρὸς
1471 712 1530 767 δὲ
1548 733 1622 769 τω
1645 715 1751 787 νέω

69 791 304 858 ἁπαλός·
342 798 574 864 ποιητοῦ
603 791 655 847 δ’
687 796 836 847 ἔστιν
864 791 1055 863 ἐνδεὴς
1084 788 1197 856 οἶος
1225 785 1298 863 ἦν
1309 790 1573 863 Ὅμηρος,
1611 794 1751 864 πρὸς
1780 803 1817 844 D

68 874 128 927 τὸ
150 876 409 939 ἐπιδεῖξαι
428 879 568 929 θεοῦ
590 870 914 944 ἁπαλότητα.
957 872 1197 945 Ὅμηρος
1213 874 1320 943 γὰρ
1338 875 1505 945 ’Ἄτην
1533 875 1676 930 θεόν
1694 879 1754 930 τέ

67 973 239 1024 φησιν
268 955 407 1011 εἶναι
428 958 518 1011 καὶ
537 953 757 1026 ἁπαλήν
771 977 781 988 ·
815 954 946 1020 τοὺς
964 963 1107 1024 γοῦν
1126 956 1302 1020 πόδας
1318 952 1486 1026 αὐτῆς
1503 952 1751 1020 ἁπαλούς

69 1034 236 1105 εἶναι,
259 1039 437 1107 λέγων
484 1050 491 1056 “

321 1123 419 1190 τῆς
435 1117 601 1190 με’νθ’
623 1116 822 1175 ἁπαλοὶ
843 1119 1032 1184 πόδες·
1074 1117 1142 1174 οὐ
1160 1118 1267 1190 γὰρ
1287 1118 1374 1176 ἐπ’
1399 1118 1594 1184 οὔδεος

172 1206 447 1268 πίλναται,
467 1198 581 1255 ἀλλ’
605 1199 711 1268 ἄρα
731 1198 765 1271 ἥ
786 1222 848 1270 γε
869 1199 983 1255 κατ’
1004 1199 1229 1271 ἀνδρῶν
1250 1202 1462 1273 κράατα
1480 1207 1675 1275 βαίνει.

66 1288 216 1352 καλῷ
236 1275 341 1336 οὖν
361 1285 518 1336 δοκεῖ
529 1302 623 1351 μοι
640 1287 913 1355 τεκμηρίῳ
932 1281 1034 1353 τὴν
1051 1281 1366 1355 ἁπαλότητα
1397 1283 1746 1355 ἀποφαίνειν,

66 1360 150 1417 ὅτι
179 1361 283 1418 οὐκ
314 1365 399 1419 ἐπὶ
419 1370 664 1433 σκληροῦ
682 1369 877 1434 βαίνει,
901 1362 1026 1420 ἀλλ’
1047 1366 1133 1420 ε’πὶ
1151 1372 1461 1436 μαλθακοῦ.
1500 1372 1578 1440 τῷ
1597 1362 1750 1437 αὐτῷ
1776 1368 1812 1409 R

67 1443 133 1513 δὴ
166 1446 254 1500 καὶ
284 1443 439 1516 ἡμεῖς
465 1445 797 1516 χρησώμεθα
827 1451 1097 1518 τεκμηρίῳ
1130 1447 1254 1515 περὶ
1272 1445 1482 1516 ’Έρωτα
1501 1445 1585 1503 ὅτι
1604 1443 1750 1501 ἁπα-

70 1527 177 1591 λός.
234 1523 303 1581 οὐ
330 1526 435 1597 γάρ
467 1529 549 1582 ἐπὶ
581 1534 682 1597 γῆς
699 1532 878 1598 βαίνει
898 1523 1020 1581 οὐδ’
1044 1528 1129 1581 ἐπὶ
1149 1534 1421 1597 κρανίων,
1458 1527 1496 1582 ἅ
1513 1530 1662 1583 ἐστιν
1680 1523 1749 1582 οῦ

69 1608 219 1663 πάνυ
239 1609 456 1677 μαλακά
472 1650 487 1678 ,
525 1605 649 1663 ἀλλ’
682 1611 744 1664 ἐν
763 1620 874 1673 τοῖς
892 1609 1303 1679 μαλακωτάτοις
1323 1616 1436 1666 τῶν
1454 1608 1638 1665 ὄντων
1656 1611 1749 1665 καὶ

68 1695 246 1762 βαίνει
282 1691 371 1744 καὶ
400 1694 550 1745 οἰκεῖ.
607 1693 668 1745 ἐν
695 1690 801 1761 γὰρ
833 1689 998 1761 ἤθεσι
1026 1694 1118 1747 καὶ
1146 1703 1343 1762 ψυχαῖς
1360 1697 1515 1748 θεῶν
1533 1693 1624 1747 καὶ
1645 1690 1749 1746 ἀν-

68 1772 320 1839 θρώπων
346 1769 449 1840 τὴν
478 1779 696 1842 οἴκησιν
714 1775 959 1842 ἵδρυται,
997 1774 1090 1829 καὶ
1108 1770 1213 1828 οὐκ
1234 1795 1307 1828 αυ
1328 1775 1448 1845 ἑξῆς
1466 1777 1527 1830 ἐν
1546 1773 1746 1837 πάσαις

66 1864 182 1917 ταῖς
215 1865 434 1924 ψυχαῖς,
475 1852 599 1909 ἀλλ’
632 1846 774 1925 ἦτινι
793 1851 865 1909 ἆυ
884 1855 1128 1925 σκληρὸν
1145 1849 1288 1927 ἦθος
1306 1856 1508 1930 ε’χουσῃ
1528 1855 1743 1926 ε’ντύχη,

65 1933 379 2004 ἀπέρχεται,
417 1929 457 2008 ᾗ
484 1933 535 1990 δ’
572 1957 642 1990 αν
659 1937 940 2007 μαλακόν,
979 1942 1245 2004 οίκίζεται.
1307 1935 1621 2008 ἁπτόμενον
1639 1932 1745 1993 οὖν

63 2013 146 2071 ἀεὶ
175 2018 266 2072 καὶ
295 2019 423 2072 ποσὶ
450 2019 537 2072 καὶ
571 2017 749 2090 πάντῃ
782 2020 841 2072 ἐν
859 2019 1267 2088 μαλακωτάτοις
1285 2041 1399 2075 των
1416 2020 1745 2091 μαλακωτά-

63 2123 204 2170 των,
238 2101 603 2158 ἁπαλώτατον
637 2101 851 2174 ἀνάγκη
890 2102 1045 2158 εἶναι
1100 2104 1369 2167 νεώτατος
1405 2103 1505 2173 μὲν
1536 2103 1604 2173 δή
1634 2105 1748 2158 ἐστι
1775 2115 1864 2161 196

63 2186 155 2238 καὶ
175 2181 554 2254 ἁπαλώτατος,
594 2182 731 2252 πρὸς
749 2184 806 2238 δὲ
830 2185 1045 2248 τούτοις
1064 2182 1235 2254 ὑγρὸς
1253 2183 1313 2239 τὸ
1336 2183 1495 2250 εἶδος.
1547 2180 1616 2239 ού
1637 2180 1744 2253 γὰρ

64 2262 136 2319 ἂν
156 2262 335 2330 οἷός’
287 2287 316 2320 τ
359 2260 432 2338 ἦν
450 2267 628 2339 πάντῃ
650 2267 1124 2335 περιπτύσσεσθαι
1146 2264 1278 2323 οὐδὲ
1309 2266 1399 2321 διὰ
1428 2266 1606 2337 πάσης
1634 2281 1745 2332 ψυ-

62 2353 158 2416 χῆς
174 2348 262 2400 καὶ
279 2345 468 2402 εἰσιών
481 2347 541 2403 τὸ
559 2356 783 2417 πρῶτον
803 2347 1110 2404 λανθάνειν
1129 2351 1219 2405 καὶ
1239 2348 1413 2420 ἐξιών,
1436 2353 1487 2405 εί
1504 2347 1743 2419 σκληρὸς

63 2423 148 2500 ἦν.
204 2430 520 2499 συμμέτρου
550 2431 607 2486 δὲ
638 2433 729 2485 καὶ
759 2427 935 2500 ὑγροῖς
954 2433 1101 2496 ἰδέας
1119 2434 1256 2503 μέγα
1276 2428 1624 2503 τεκμήριονὴ
1648 2430 1743 2486 εὐ-

62 2512 404 2581 σχημοσύνη,
427 2509 459 2565 ὃ
477 2509 541 2580 δὴ
563 2513 939 2582 διαφερόντως
958 2516 1015 2569 ἐκ
1037 2514 1263 2570 πάντων
1282 2512 1743 2585 ὁμολογουμένως

47 2588 223 2662 Ἔρως
252 2597 383 2663 ἔχει·
423 2592 783 2666 ἀσχημοσύνῃ
812 2594 920 2664 γὰρ
953 2595 1256 2666 καὶἼζρωτι
1292 2595 1432 2666 πρὸς
1467 2593 1742 2666 ἀλλήλους

61 2671 146 2729 αἐὶ
190 2675 439 2745 πόλεμος.
499 2676 663 2744 χρόας
698 2677 754 2731 δὲ
791 2677 991 2742 κάλλος
1022 2676 1056 2750 ἡ
1092 2676 1203 2734 κατ’
1243 2678 1392 2750 ἄνθη
1429 2682 1606 2734 δίαιτα
1638 2683 1742 2733 τοῦ

61 2759 203 2810 θεοῦ
225 2762 500 2828 σημαίνει’
541 2754 900 2827 ἀνανθεῖγάρ
920 2761 1007 2815 καὶ
1041 2758 1384 2831 ἀπηνθηκότι
1406 2763 1495 2815 καὶ
1526 2759 1738 2831 σώματι
1768 2774 1801 2815 Β
