2028 3198
202 239 239 279 D

164 1732 247 1774 151

274 88 380 140 344
604 93 1154 140 ΑΛΚΙΒΙΑΔΗΣ
1186 95 1635 142 ΔΕΥΤΕΡΟΣ.
1902 100 1959 146 74
2022 54 2028 109 ἴ

281 241 341 280 σε
373 227 588 280 ἐθέλειν
616 229 873 294 χρῆσθαι.
915 221 1218 294 ἀναγκαῖον
1238 218 1344 280 οῦν
1363 226 1473 281 ἐστὶ
1491 230 1830 298 περιμένειν,
1860 230 1960 292 ἕως

276 306 350 360 ἄν
368 329 448 370 τις
470 307 646 378 μάθῃ,
670 303 744 370 ὦς
765 310 851 362 δεῖ
867 304 1004 376 πρὸς
1020 309 1193 372 θεοὺς
1211 309 1302 364 καὶ
1323 307 1462 378 πρὸς
1482 308 1821 380 ἀνθρώπους
1841 314 1960 365 δια-

276 397 511 444 κεῖσθαι.

415 476 550 527 XIV.
622 477 741 525 AA.
774 471 943 526 ·Πότε
974 465 1081 526 οὖν
1109 477 1372 543 παρέσται
1401 471 1430 529 ὁ
1459 474 1660 544 χρόνος
1688 469 1876 546 οὖτος,
1917 469 1960 530 ὦ

277 553 604 622 Σώκρατες,
633 555 723 608 καὶ
741 559 820 618 τίς
840 551 869 608 ὁ
891 552 1237 620 παιδεύσων;
1268 553 1463 625 ἥδιστα
1483 554 1588 627 γὰρ
1611 555 1682 611 ἄν
1700 579 1791 627 μοι
1815 562 1961 612 δοκῶ

279 639 419 691 ἰδεῖν
438 639 641 690 τοῦτον
660 634 761 690 τὸν
782 633 1091 705 ἄνθρωπον
1111 642 1187 700 τίς
1206 639 1369 692 ἐστιν.

418 724 542 774 ΣΩ.
600 711 780 782 Οὗτος
810 711 858 791 ᾦ
886 720 1037 788 μέλει
1067 722 1190 789 περὶ
1211 726 1329 775 σοῦ.
1370 718 1509 775 ἀλλά
1531 724 1684 776 δοκεῖ
1708 742 1826 791 μοι,
1859 721 1963 786 033-

276 822 378 871 περ
418 808 496 874 τῷ
530 802 803 872 Διομήδει
850 804 985 872 φησὶ
1020 800 1123 871 τὴν
1153 799 1400 872 Ἀθηνᾶν
1425 800 1664 873 Ὅμηρος
1705 801 1812 858 ἀπὸ
1851 808 1964 857 τῶν

277 882 594 954 ὀφθαλμῶν
612 882 838 955 ἀφελεῖν
862 883 965 956 τὴν
985 884 1187 955 ἀχλύν,

422 965 554 1036 ὄφρ’
581 960 646 1021 εὖ
664 967 963 1037 γιγνώσκοι
981 965 1118 1037 ἠμὲν
1139 967 1281 1021 θεὸν
1298 965 1395 1036 ἠδὲ
1416 967 1506 1021 καὶ
1527 965 1707 1037 ἄνδρα
1721 1009 1735 1034 ,

281 1049 427 1105 οὕτω
458 1051 549 1105 καὶ
581 1052 667 1104 σοὶ
698 1054 814 1105 δεῖν
833 1047 939 1104 άπὸ
963 1056 1058 1120 τῆς
1077 1056 1254 1119 ψυχῆς
1271 1055 1492 1119 πρῶτον
1512 1049 1612 1120 τὴν
1633 1047 1804 1120 άχλὺν
1823 1047 1962 1118 οἶφε-

278 1133 446 1188 λόντα
461 1174 474 1201 ,
495 1129 530 1202 ἢ
562 1137 667 1186 νῦν
687 1139 942 1201 παροῦσα
962 1131 1246 1202 τυγχάνει,
1271 1131 1331 1186 τὸ
1353 1129 1634 1202 τηνικαῦτ’
1674 1129 1777 1202 ἤδη
1798 1152 1962 1202 προς-

280 1218 470 1286 φέρειν
514 1213 585 1268 δι’
628 1207 708 1268 οἷν
745 1216 957 1284 μέλλεις
993 1213 1311 1284 γνώσεσθαι
1352 1215 1489 1287 ἠμὲν
1522 1214 1699 1271 κακὸν
1735 1214 1832 1286 ἠδὲ
1874 1217 1964 1270 καὶ

280 1298 504 1353 ἐσθλόν.
528 1304 638 1353 νῦν
658 1297 759 1367 μὲν
778 1296 883 1367 γὰρ
906 1295 1008 1353 οὐκ
1032 1296 1102 1352 ἄν
1120 1320 1212 1369 μοι
1233 1303 1411 1362 δοκεῖς
1431 1302 1759 1368 δυνηθῆναι.

421 1387 539 1437 ΑΛ.
591 1379 916 1451 Ἀφαιρείτω
930 1425 944 1450 ,
981 1389 1088 1436 εἴτε
1107 1381 1366 1451 βούλεται
1385 1378 1487 1452 τὴν
1508 1378 1684 1450 ἀχλὺν
1705 1387 1809 1435 εἴτε
1829 1377 1964 1434 ἄλλο

278 1486 330 1520 τι
343 1488 355 1499 ·
379 1461 452 1528 ὥς
471 1463 575 1533 ε’γώ
598 1463 1049 1533 παρεσκεύασμαι
1066 1462 1247 1534 μηθὲν
1273 1461 1344 1517 ὄὶν
1363 1475 1564 1533 φυγεῖν
1583 1468 1695 1517 τῶν
1715 1459 1807 1516 ὑπ’
1827 1464 1964 1516 ἐκεί-

279 1569 383 1603 νου
403 1550 922 1617 προσταττομένων,
955 1544 1103 1611 ὅστις
1125 1543 1248 1601 ποτ’
1271 1546 1417 1600 ε’στὶν
1438 1542 1466 1599 ὁ
1487 1542 1812 1613 ἄνθρωπος,
1837 1552 1966 1613 εἴγε

280 1634 529 1700 μέλλοιμι
548 1633 781 1700 βελτίων
801 1632 1077 1699 γενέσθαι.

422 1718 545 1768 ΣΩ.
608 1710 771 1768 Ἀλλὰ
809 1711 920 1783 μὴν
956 1714 1165 1778 ἐκεῖνος
1200 1709 1533 1782 θαυμαστὴν
1571 1708 1710 1780 ὅσην
1746 1712 1868 1779 περὶ
1906 1710 1966 1765 σὲ

279 1802 605 1867 προθυμίαν
624 1800 745 1865 ἔχει.

423 1884 540 1933 ΑΛ.
600 1882 699 1942 Εἰς
728 1878 850 1933 τότε
879 1883 1072 1932 τοίνυν
1091 1877 1180 1931 καὶ
1198 1875 1301 1946 τὴν
1320 1882 1530 1931 θυσίαν
1550 1873 1965 1945 ἀναβάλλεσθαι

283 1961 578 2030 κράτιστον
598 1958 740 2016 εἷναί
754 1981 847 2031 μοι
867 1963 1031 2014 δοκεῖ.

422 2049 546 2099 ΣΩ.
602 2045 711 2098 Καὶ
748 2039 936 2111 ὀρθῶς
972 2042 1036 2111 γέ
1072 2057 1161 2094 σοι
1199 2044 1371 2094 δοκεῖ·
1415 2037 1828 2108 ἀσφαλέστερον
1857 2038 1963 2110 γάρ

281 2130 430 2183 ε’στιν
448 2124 485 2198 ἦ
506 2123 1011 2195 παρακινδυνεύειν
1028 2127 1302 2178 τοσοῦτον
1321 2126 1603 2176 κίνδυνον.

421 2215 539 2266 ΑΛ.
589 2207 751 2265 Ἀλλὰ
774 2214 915 2278 πῶς,
958 2201 1001 2262 ὦ
1026 2206 1349 2273 Σώκρατεςς
1389 2205 1480 2259 καὶ
1497 2202 1608 2274 μὴν
1627 2206 1846 2260 τουτονὶ
1865 2205 1965 2260 τὸν

281 2296 587 2363 στέφανον,
627 2291 814 2362 ἐπειδή
849 2312 942 2361 μοι
976 2293 1155 2352 δοκεῖς
1193 2293 1373 2351 καλῶς
1412 2290 1960 2359 ξυμβεβουλευκέναι,

284 2376 370 2431 σοὶ
409 2374 723 2446 περιθήσω·
761 2384 874 2438 τοῖς
909 2381 1063 2437 θεοῖς
1100 2370 1159 2427 δὲ
1197 2372 1287 2425 καὶ
1321 2368 1632 2440 στεφάνους
1667 2373 1757 2425 καὶ
1794 2363 1964 2425 τᾶλλα

283 2458 464 2514 πάντα
505 2455 571 2512 τὰ
604 2456 935 2527 νομιζόμενα
965 2453 1086 2510 τότε
1115 2454 1395 2524 δώσομεν,
1438 2450 1573 2507 ὅταν
1609 2455 1827 2523 ἐκείνην
1862 2450 1962 2522 τὴν

280 2539 492 2612 ἡμέραν
515 2543 800 2595 ἐλθοῦσαν
821 2543 934 2595 ἴδω.
972 2537 1089 2610 ἥξει
1112 2535 1162 2592 δ’
1190 2534 1257 2591 οὐ
1281 2533 1371 2591 διὰ
1387 2541 1606 2607 μακροῦ
1625 2535 1838 2591 τούτων
1860 2544 1961 2590 θε-

281 2625 510 2680 λόντων.

424 2713 549 2763 ΣΩ.
603 2704 763 2762 Ἀλλὰ
789 2707 1011 2775 δέχομαι
1032 2706 1121 2759 καὶ
1142 2710 1324 2773 τοῦτο,
1347 2703 1437 2758 καὶ
1457 2701 1591 2756 ἄλλο
1614 2703 1670 2754 δὲ
1689 2699 1760 2754 ἄν
1779 2720 1828 2752 τι
1847 2703 1959 2752 τῶν

282 2789 430 2860 παρὰ
482 2796 585 2847 σοῦ
633 2791 918 2845 δοθέντων
955 2785 1127 2858 ἡδέως
1163 2790 1334 2856 ἴδοιμι
1371 2785 1669 2854 δεξάμενον
1706 2779 1959 2851 ἐμαυτόν.
