2028 3198
313 184 416 239 114
916 186 1394 236 ΠΛΑΤΩΝΟΣ

456 324 625 374 ΠΡΩ.
682 323 969 388 Πειρῶμαι
997 319 1124 389 μέν,
1166 311 1211 373 a}
1245 320 1564 390 Σώκρατες·
1604 321 1894 394 πειράθητι
1932 325 1991 381 δὲ

317 405 404 458 καὶ
425 401 494 457 σύ
519 402 860 470 σαφέστερον
881 404 957 455 ἔτι
975 402 1169 471 λέγειν.

454 487 573 537 ΣΩ.
635 484 792 551 Λέγω
825 482 891 552 δὴ
927 485 1015 538 καὶ
1046 489 1159 538 τῶν
1187 490 1396 552 φωνῶν
1425 483 1522 550 τοὶς
1552 491 1698 551 λείας
1727 487 1816 542 καὶ
1852 494 1992 558 λαμ-

315 566 480 637 πράς,
502 563 598 629 τας
619 565 680 619 ἕν
698 587 750 619 τι
770 565 1026 636 καθαρὸν
1045 569 1212 628 ἱείσας
1230 567 1417 635 μέλος,
1438 564 1506 621 οὐ
1526 561 1664 638 πρὸς
1684 568 1872 637 ἕτερον
1891 592 1990 625 κα-

319 647 414 712 λὰς
446 645 570 702 ἀλλ’
591 644 761 711 αὐτάς
781 644 916 701 καθ’
938 644 1109 710 αὑτάς
1128 644 1293 717 εἶναι,
1332 650 1421 702 καὶ
1439 648 1652 704 τούτων
1673 652 1991 721 ξυμφύτους

312 728 519 801 ἡδονὰς
540 730 821 799 ἑπομένας.

451 818 620 868 ΠΡΩ.
666 812 812 867 ’Ἐστι
831 810 936 882 γὰρ
956 805 1060 867 οὖν
1078 813 1170 866 καὶ
1190 816 1367 865 τοῦτο.

252 917 280 955 E
453 900 575 950 ΣΩ.
641 894 714 949 Τὸ
749 894 807 950 δὲ
839 895 963 963 περὶ
990 893 1086 958 τὰς
1107 891 1279 964 ὀσμάς
1296 886 1463 964 ἧττον
1480 894 1582 964 μὲν
1599 896 1813 951 τούτων
1831 905 1991 953 θεῖον

311 982 471 1048 γένος
497 975 743 1047 ἡδονῶν·
782 975 842 1031 τὸ
867 979 924 1031 δὲ
944 975 1015 1047 μὴ
1042 984 1417 1046 συμμεμῖχθαι
1436 978 1496 1031 ἐν
1516 975 1705 1042 αὐταῖς
1723 977 1992 1048 ἀναγκαί-

310 1081 407 1123 ους
436 1058 640 1127 λύπας,
678 1060 769 1113 καὶ
797 1058 907 1130 ὅπῃ
936 1064 1097 1113 τοῦτο
1130 1061 1219 1112 καὶ
1250 1062 1310 1114 ἐν
1340 1055 1448 1131 ὅτῳ
1475 1058 1733 1127 τυγχάνει
1761 1059 1990 1129 γεγονὸς

311 1141 470 1212 ἡμῖν,
511 1138 661 1196 τοῦτ’
688 1142 916 1206 ἐκείνοις
934 1148 1126 1210 τίθημι
1147 1138 1520 1211 ἀντίστροφον
1539 1139 1702 1196 ἅπαν.
1759 1140 1903 1212 ἀλλ’,
1943 1147 1992 1197 εἰ

315 1236 624 1293 κατανοεῖς,
648 1230 820 1279 ταῦτα
841 1228 957 1295 εἴδη
978 1223 1078 1278 δύο
1099 1225 1414 1293 λεγομένων
1431 1220 1664 1293 ἡδονῶν.

448 1310 618 1360 ΠΡΩ.
676 1311 961 1361 Κατανοῶ.

226 1406 281 1447 52
449 1393 573 1443 252.
621 1387 734 1442 ’Έτι
764 1387 828 1458 δὴ
861 1394 1055 1442 τοίνυν
1073 1387 1287 1450 τούτοις
1306 1392 1644 1456 προσθῶμεν
1663 1408 1760 1451 τας
1779 1389 1900 1455 περὶ
1920 1385 1982 1441 τὰ

310 1470 607 1540 μαθήματα
627 1466 831 1540 ἡδονάς
844 1511 858 1538 ,
881 1468 969 1524 εί
946 1469 1053 1540 άρα
1075 1466 1383 1524 δοκοῦσιν“
1355 1480 1488 1550 ημῖν
1508 1469 1668 1523 αὗται
1686 1474 1875 1533 πείνας
1889 1491 1983 1540 μεν

308 1551 379 1622 μὴ
413 1557 554 1622 ἔχειν
583 1558 682 1606 τοῦ
713 1551 1027 1622 μανθάνειν
1045 1552 1181 1622 μηδε
1202 1549 1291 1607 δια
1311 1544 1654 1621 μαθημάτων
1673 1555 1868 1621 πείνην
1888 1549 1988 1605 άλ-

311 1635 550 1704 γηδόνας
570 1631 672 1699 «ᾆξ’
643 1640 810 1704 αρχῆς
828 1636 1141 1704 γενομεἪνας

446 1720 615 1770 ΠΡΩ.
675 1712 818 1771 Ἀλλ’
842 1714 986 1770 οὕτω
1008 1719 1272 1781 ξυνδοκεῖ.

450 1803 571 1852 ΣΩ.
635 1802 700 1852 Τί
728 1800 811 1862 δέ;
847 1800 1194 1869 μαθημάτων
1223 1805 1600 1869 πληρωθεῖσιν
1634 1798 1731 1855 ἐὰν
1750 1797 1987 1866 ὕστερον

308 1877 577 1950 ἀποβολαὶ
598 1879 688 1935 διὰ
710 1887 804 1950 τῆς
823 1880 1000 1951 λήθης
1019 1886 1343 1950 γίγνωνται,
1365 1886 1614 1953 καθορᾷς
1631 1878 1784 1944 τινας
1804 1883 1864 1935 ἐν
1884 1878 1988 1934 αύ-

308 1971 422 2025 ταῖς
443 1959 780 2031 άλγηδόνας;

450 2049 620 2099 ΠΡῼ.
682 2043 767 2098 Οὔ
797 2065 847 2098 τι
878 2043 1045 2113 φύσει
1074 2064 1163 2114 γε,
1200 2041 1321 2097 ἀλλ’
1361 2047 1420 2098 ἔν
1450 2059 1558 2096 τισι
1590 2048 1869 2112 λογισμοῖς
1887 2048 1988 2096 τοῦ

246 2142 276 2181 Β
312 2125 637 2197 παθήματος
650 2167 664 2194 ,
686 2124 820 2180 ὅταν
839 2147 917 2190 τις
937 2127 1222 2196 στερηθεὶς
1242 2132 1470 2197 λυπηθῇ
1490 2123 1576 2180 δια
1598 2123 1700 2195 τὴν
1718 2129 1919 2194 χρείαν.

449 2215 574 2265 ΣΩ.
631 2210 740 2264 Καὶ
777 2208 914 2279 μήν,
954 2210 996 2262 ῶ
1036 2208 1295 2279 μακάριε,
1334 2214 1442 2263 νῦν
1477 2230 1538 2278 γε
1567 2206 1722 2278 ἡμεῖς
1751 2204 1889 2261 αὐτα
1921 2206 1986 2262 τὰ

307 2298 401 2362 τῆς
432 2290 652 2360 φύσεως
682 2289 857 2361 μόνον
887 2290 1186 2361 παθήματα
1205 2295 1367 2362 χωρὶς
1389 2298 1490 2346 τοῦ
1511 2296 1777 2361 λογισμοῦ
1798 2294 1982 2345 διαπε-

312 2378 590 2442 ραίνομεν.

449 2459 622 2509 ΠΡΩ.
670 2452 879 2526 Ἀληθῆ
907 2461 1099 2510 τοίνυν
1127 2459 1326 2527 λέγεις,
1365 2455 1450 2511 ὅτι
1481 2457 1643 2526 χωρὶς
1662 2454 1838 2524 λύπης
1855 2450 1985 2523 ἡμῖν
2025 2506 2028 2507 ⁷

310 2537 455 2607 λήθη
475 2541 719 2606 γίγνεται
740 2536 993 2592 ἑκάστοτε
1014 2541 1074 2593 ἐν
1091 2550 1203 2603 τοῖς
1221 2538 1558 2610 μαθήμασιν.
2026 2607 2028 2609 ¹

451 2624 575 2674 2:52.
645 2618 859 2683 Ταύτας
895 2626 1090 2676 τοίνυν
1128 2620 1224 2685 τὰς
1260 2627 1372 2675 τῶν
1409 2618 1752 2690 μαθημάτων
1781 2613 1984 2686 ἡδονὰς

310 2699 571 2772 ἀμίκτους
589 2721 646 2755 τε
666 2699 804 2755 εἶναι
823 2702 1020 2767 λύπαις
1040 2705 1234 2774 ῥητέον
1253 2704 1344 2758 καὶ
1364 2700 1618 2772 οὐδαμῶς
1636 2706 1747 2755 τῶν
1762 2702 1983 2753 πολλῶν
2024 2695 2028 2701 ”

309 2781 632 2853 ἀνθρώπων
650 2780 787 2838 άλλὰ
810 2789 924 2837 τῶν
947 2783 1164 2853 σφόδρα
1188 2782 1404 2853 ὀλίγων.

450 2871 620 2921 ΠΡΩ.
676 2869 806 2930 Πῶς
822 2862 929 2937 γὰρ
951 2862 1019 2919 οὐ
1038 2867 1259 2936 ρητέον;
