2028 3198
280 129 380 182 166
474 125 476 127 ’
873 122 1047 182 ΠΛΛ
1066 136 1352 185 ΤῼΝΟΣ
1898 114 1955 190 26

275 260 311 336 ἢ
341 286 457 329 πως
485 267 684 361 λέγεις;
719 263 924 336 Ἀληθῆ
953 269 1153 337 λέγεις,
1194 270 1380 338 φάναι.
1443 270 1586 335 Τοὺς
1623 270 1682 327 δε
1717 272 1954 337 πολλοὺς

276 345 379 401 οὐκ
401 343 473 399 α“ν
493 347 801 415 αἰσχύνοιο,
822 355 876 403 εἴ
888 369 940 402 τι
958 356 1096 404 οῖὀιο
1117 349 1346 421 αἰσχρὸν
1365 363 1572 419 ποιεῖν,
1591 375 1680 407 και
1698 351 1797 408 τὸν
1817 358 1955 409 Φαῖ-

277 431 414 497 δρον
445 431 550 498 ἔφη
581 425 936 501 ὑπολαβόντα
958 434 1130 486 εἰπεῖν
1151 423 1213 486 Ὦ
1233 437 1359 502 φίλε
1375 431 1655 504 Ἀγάθων,
1696 433 1795 490 ἐαν
1813 433 1953 490 ἀπο·
1974 502 1978 505 .

276 515 438 581 κρίνῃ
455 510 771 581 Σωκράτει,
810 509 977 568 οὐδὲν
1006 516 1083 568 ἔτι
1112 517 1303 569 διοίσει
1323 513 1471 590 αὐτῷ
1492 513 1708 588 ὁπῃοῦν
1727 522 1841 570 τῶν
1862 519 1953 572 ἐν·-

275 591 417 646 θάδε
450 590 644 647 ὁτιοῦν
672 599 992 666 γίγνεσθαι,
1030 594 1129 650 ἐὰν
1157 595 1334 666 μόνον
1365 601 1457 669 ἔχῃ
1487 596 1595 667 ὅτω
1625 601 1952 667 διαλέγηται,

274 670 452 737 ἄλλως
480 695 537 728 τε
559 677 649 730 καὶ
669 683 831 750 καλῷ.
891 676 996 746 ε’γω
1021 677 1080 732 δὲ
1099 675 1274 749 ἡδέως
1291 680 1392 749 μὲν
1411 676 1600 734 ἀκούω
1619 678 1950 750 Σωκράτους

277 757 696 827 διαλεγομένου,
732 756 1035 829 ἀναγκαῖον
1054 760 1117 815 δέ
1131 781 1224 830 μοι
1244 762 1643 832 ἐπιμεληθῆναι
1659 766 1761 816 τοῦ
1781 763 1951 831 ἐγκω-

275 842 405 907 μίου
433 844 508 911 τῷ
522 838 722 908 Ἔρωτι
742 843 831 897 καὶ
851 841 1226 908 ἀποδέξασθαι
1243 842 1377 912 παρ’
1400 840 1524 908 ἑνὸς
1542 843 1775 899 ἑκάστου
1793 841 1954 914 ῦμων

275 918 375 974 τὸν
409 920 602 991 λόγον·
654 921 900 988 ἀποδοὺς
936 917 1043 978 οὖν
1080 925 1335 994 εκάτερος
1371 946 1445 979 τω
1482 931 1602 980 θεω
1638 925 1813 988 οὕτως
1848 923 1951 994 ἤδη

210 1011 244 1051 Ε
274 1006 631 1074 διαλεγέσθω.
686 1004 844 1061 Ἀλλα
875 1014 1055 1073 καλως
1087 1011 1286 1079 λέγεις,
1329 1031 1372 1064 ω
1392 1013 1624 1078 Φαῖδρε,
1665 1009 1838 1078 φάναι
1854 1008 1954 1062 τὸν

267 1081 589 1157 Ἀγάθωνα,
628 1089 718 1143 καὶ
747 1087 914 1144 οὐδέν
941 1112 1007 1159 με
1045 1091 1247 1145 κωλύει
1282 1093 1485 1159 λέγειν·
1523 1090 1811 1159 Σωκράτει
1846 1087 1951 1160 γὰρ

274 1168 366 1222 καὶ
385 1160 551 1232 αὖθις
568 1172 717 1223 ἔσται
735 1171 998 1236 πολλάκις
1019 1176 1383 1241 διαλέγεσθαι.

415 1254 591 1306 XVIII.
662 1248 796 1320 Ἐγώ
829 1252 887 1307 δὲ
920 1252 985 1322 δὴ
1018 1252 1290 1322 βούλομαι
1319 1259 1541 1321 πρῶτον
1569 1255 1670 1324 μὲν
1690 1258 1862 1308 εἰπεῖν
1881 1250 1953 1315 ὠς

273 1331 374 1400 χρή
405 1353 471 1401 με
501 1336 698 1400 εἰπεῖν,
739 1337 922 1387 ἔπειτα
953 1339 1136 1389 εἰπεῖν.
1199 1338 1428 1389 δοκοῦσι
1447 1335 1552 1406 γάρ
1572 1357 1665 1406 μοι
1683 1335 1882 1398 πάντες
1901 1337 1954 1388 οἷ

274 1412 529 1479 πρόσθεν
558 1414 835 1484 εἰρηκότες
865 1414 934 1470 ού
963 1414 1063 1470 τὸν
1080 1414 1223 1471 θεὸν
1242 1418 1623 1487 ἐγκωμιάζειν,
1665 1415 1802 1471 ἀλλὰ
1822 1413 1949 1479 τοὺς

275 1492 615 1561 ἀνθρώπους
649 1495 1048 1567 εὐδαιμονίζειν
1075 1505 1188 1553 τῶν
1209 1497 1444 1568 ἀγαθῶν
1464 1492 1545 1553 οἷν
1563 1496 1592 1553 ὁ
1614 1497 1748 1562 θεὸς
1768 1497 1950 1560 αὐτοῖς

162 1586 245 1631 195
276 1584 468 1641 αἴτιος·
508 1576 696 1641 ὁποῖος
727 1581 788 1632 δέ
814 1601 892 1642 τις
912 1577 1079 1644 αὐτὸς
1101 1576 1180 1634 ὢν
1201 1586 1372 1635 ταῦτα
1392 1579 1733 1651 ἐδωρήσατο,
1773 1578 1952 1642 οὐδεὶς

275 1666 507 1728 εἴρηκεν.
563 1655 639 1723 εἷς
669 1659 727 1715 δὲ
755 1661 956 1730 τρόπος
985 1659 1158 1732 ὀρθὸς
1187 1661 1390 1727 παντὸς
1417 1664 1649 1717 ἐπαίνου
1669 1662 1791 1731 περὶ
1812 1681 1952 1715 παν-

273 1740 390 1809 τός,
432 1739 578 1812 λόγῳ
600 1744 871 1813 διελθεῖν,
894 1738 1006 1807 οἷος
1027 1747 1158 1799 οἴων
1178 1752 1348 1809 αἴτιος
1367 1739 1447 1798 ω“ν
1465 1742 1720 1813 τυγχάνει
1741 1744 1862 1811 περὶ
1883 1763 1943 1796 02

273 1844 346 1875 αν
366 1819 395 1875 ὁ
418 1821 581 1891 λόγος
600 1817 649 1893 ἦ.
698 1822 843 1878 οὕτω
865 1824 930 1895 δὴ
951 1823 1049 1880 τὸν
1061 1824 1274 1893 Ἐρωτα
1294 1828 1384 1880 καὶ
1406 1822 1546 1895 ἡμας
1566 1828 1780 1878 δίκαιον
1797 1825 1947 1877 ε’παι-
2022 1856 2025 1859 s

275 1905 431 1958 νέσαι
461 1924 683 1972 πρωτον
713 1903 883 1958 αὐτὸν
914 1901 1027 1968 οἷός
1045 1909 1220 1973 ἐστιν,
1258 1911 1440 1959 ἔπειτα
1459 1905 1555 1968 τὰς
1572 1905 1764 1968 δόσεις.
1815 1905 1950 1972 φημὶ

275 1978 382 2040 οὖν
401 1982 505 2054 ἐγω
528 1985 757 2041 πάντων
774 1991 928 2042 θεων
947 1984 1335 2055 εὐδαιμόνων’
1315 1985 1495 2040 όντων
1507 1983 1746 2054 ’Ἑρωτα,
1788 1989 1837 2038 εἰ
1852 1986 1952 2038 θέ-

276 2089 365 2137 μις
384 2069 475 2121 καὶ
494 2063 831 2138 ἀνεμέσητον
851 2072 1047 2136 εἰπεῖν,
1079 2065 1572 2136 εὐδαιμονέστατον
1591 2065 1728 2120 εἶναι
1749 2063 1951 2132 αὐτῶν,

276 2147 574 2203 κάλλιστον
606 2146 742 2203 ὄντα
770 2151 860 2203 καὶ
890 2148 1130 2218 ἄριστον.
1186 2151 1300 2202 ἔστι
1332 2147 1390 2202 δὲ
1418 2146 1707 2209 κάλλιστος
1740 2141 1820 2199 ὢν
1838 2165 1944 2199 τοιν

279 2229 425 2284 όσδε.
481 2235 704 2296 πρῶτον
733 2230 833 2300 μὲν
864 2229 1133 2293 νεώτατος
1160 2234 1341 2297 θεῶν,
1381 2222 1423 2282 c3'
1453 2231 1674 2297 Φαῖδρε.
1730 2230 1867 2297 μέγα
1896 2226 1949 2280 δὲ

214 2326 247 2365 Β
278 2312 574 2382 τεκμήριον
611 2318 691 2383 τῷ
726 2312 874 2384 λόγῳ
905 2309 1072 2376 αὐτὸς
1105 2312 1415 2380 παρέχεται,
1455 2310 1682 2379 φεύγων
1711 2313 1863 2378 φυγῇ
1891 2308 1950 2361 τὸ

277 2399 474 2462 γῆρας,
496 2391 632 2462 ταχὺ
656 2390 724 2448 ὂν
743 2397 913 2463 δῆλον
932 2393 1041 2448 ὅτι·
1082 2399 1291 2447 θᾶττον
1306 2397 1448 2461 γοῦν
1466 2396 1567 2446 τοῦ
1588 2391 1808 2454 δέοντος
1824 2386 1953 2459 ἡμῖν

280 2475 647 2543 προσέρχεται.
705 2473 736 2529 ὃ
771 2474 836 2545 δὴ
867 2474 1303 2545 πέφυκεν”Ερως
1330 2485 1507 2543 μισεῖν
1534 2475 1624 2527 καὶ
1654 2469 1778 2527 οὐδ’
1801 2467 1953 2532 ε’ντός
2019 2516 2023 2522 ,

279 2560 488 2610 πολλοῦ
509 2555 837 2625 πλησιάζειν.
876 2555 1010 2627 μετὰ
1030 2561 1089 2612 δὲ
1107 2559 1252 2611 νέων
1269 2553 1351 2611 ἀεὶ
1369 2555 1592 2620 ξύνεστί
1602 2575 1658 2608 τε
1674 2554 1765 2608 καὶ
1780 2555 1951 2606 ἔστιν·

280 2634 310 2690 6
340 2633 447 2705 γάρ
477 2635 708 2700 παλαιὸς
737 2637 897 2706 λόγος
928 2632 992 2693 εὗ
1011 2643 1143 2708 ἔχει,
1184 2635 1257 2702 ὡς
1278 2635 1473 2707 ὅμοιον
1491 2634 1661 2708 ὁμοίῳ
1682 2633 1765 2688 ἀεὶ
1783 2631 1949 2686 πελά-

284 2722 370 2783 ζει.
411 2717 516 2787 ε’γώ
536 2719 594 2774 δὲ
614 2722 837 2790 Φαίδρῳ
857 2719 1028 2774 πολλὰ
1053 2719 1191 2775 ἄλλα
1211 2718 1498 2789 ὁμολογῶν
1518 2721 1677 2770 τοῦτο
1699 2710 1950 2783 οὐχὸμο-

284 2806 458 2869 λογοῖ,
500 2797 750 2868 ὡς”Ερως
769 2801 995 2870 Κρόνου
1027 2802 1117 2855 καὶ
1143 2799 1386 2855 Ἰαπετοῦ
1414 2793 1766 2866 ἀρχαιότερός
1786 2796 1946 2863 ἐστιν,
