2028 3198
30 110 45 171 Ξ
120 117 181 163 95
681 110 1236 161 ΑΝΤΕΡΑΣΤΑΙ.
1703 112 1809 165 365

121 249 516 310 λασταίνοντας
546 246 638 301 καὶ
667 250 1131 317 παρανομοῦντας
1157 242 1347 315 ὀρθῶς
1365 243 1612 315 κολάζεις
1654 244 1808 318 ούχὴ

122 329 440 397 δικαστικής
475 331 602 383 Ναί.
651 319 720 381 Ἦ
745 325 919 397 ἄλλην
940 319 1048 381 οὖν
1066 347 1189 382 τινα
1210 332 1391 392 καλεῖς
1411 328 1502 383 καὶ
1523 328 1810 384 δικαιοσύ-

121 433 229 482 νην
246 407 283 480 ἦ
299 410 534 480 ταύτηνς
559 406 698 477 Οὐκ,
719 407 856 464 ἀλλὰ
872 408 1095 480 ταύτην.
1138 405 1367 464 Οὐκοῦν
1386 401 1528 480 ᾗπερ
1544 409 1814 476 κολάζου-

120 510 212 547 σιν
230 489 435 560 ὀρθῶς,
450 491 624 563 ταύτῃ
639 492 729 547 καὶ
749 490 1124 562 γιγνώσκουσι
1143 489 1274 555 τοὺς
1290 489 1560 561 χρηστοὺς
1575 489 1811 558 καὶτοὺς
1841 501 1874 542 Ε

119 573 473 646 μοχθηρούςς
501 573 702 647 Ταύτῃ.
728 572 910 639 Ὅστις
931 577 990 629 δὲ
1009 575 1106 628 ἕνα
1126 573 1439 644 γιγνώσκει,
1460 574 1551 629 καὶ
1571 571 1812 638 πολλοὺς

26 694 42 733 2
121 657 421 726 γνώσεταις
457 661 586 712 Ναί.
642 658 750 711 Καὶ
781 654 932 720 ὅστις
961 677 1023 725 γε
1054 652 1295 719 πολλοὺς
1313 653 1528 725 ἀγνοεῖ,
1567 657 1658 711 καὶ
1681 655 1810 723 ἕνας

31 738 44 778 J
122 744 284 810 Φημί.
338 743 410 794 Εἰ
441 737 549 807 ἄρα
574 741 740 803 ἵππος
771 734 853 793 ὧν
881 737 1081 808 ἀγνοοῖ
1103 735 1234 802 τούς
1261 735 1532 808 χρηστοὺς
1561 741 1651 793 καὶ
1681 738 1812 803 τούς

120 819 403 892 πονηρούς
436 822 664 891 ἵππους,
703 817 811 876 κᾶν
847 819 1021 876 αὑτὸν
1058 818 1279 890 ἀγνοοῖ,
1325 819 1481 884 ποῖός
1515 824 1595 885 τίς
1635 822 1810 886 ἐστινς

121 909 284 975 Φημί.
338 906 448 959 Καὶ
485 908 534 959 εἰ
566 909 704 974 βοῦς
741 899 823 958 ὧν
859 901 1059 972 ἀγνοοῖ
1090 900 1221 966 τοὺς
1252 899 1535 972 πονηρούς
1563 902 1654 957 καὶ
1683 900 1813 967 τοὺς

120 984 391 1057 χρηστούς
408 991 624 1057 *βοῦς*,
646 981 753 1039 κᾶν
773 984 946 1040 αὑτὸν
962 983 1180 1055 ἀγνοοῖ,
1202 983 1357 1049 ποῖός
1376 990 1456 1048 τίς
1472 986 1647 1051 ἐστινς
1670 990 1810 1053 Ναί,

120 1073 241 1139 ἔφη.
302 1065 468 1123 Οὕτω
500 1067 567 1138 δὴ
599 1069 690 1123 καὶ
719 1072 768 1123 εἰ
803 1066 983 1133 κύωνς
1011 1064 1316 1138 Ὡμολόγει.
1362 1072 1431 1121 Τι’
1464 1065 1549 1133 δ’ς
1587 1064 1813 1123 ἐπειδᾶν

122 1149 424 1219 ἄνθρωπός
443 1172 522 1214 τις
538 1148 619 1205 ών
638 1148 814 1222 ἀγνοῇ
832 1149 962 1214 τούς
977 1147 1248 1220 χρηστοὺς
1268 1151 1357 1204 καὶ
1378 1147 1697 1220 μοχθηροὺς
1713 1146 1816 1203 ἀν-
1846 1156 1929 1203 138

125 1233 423 1303 θρώπους,
457 1226 548 1300 ἆρ’
574 1230 675 1302 οὐχ
698 1229 872 1288 αὑτὸν
902 1231 1116 1302 ἀγνοεῖ,
1156 1233 1396 1301 πότερον
1412 1230 1645 1302 χρηστός
1665 1233 1812 1287 ἐστιν

124 1311 158 1386 ἦ
178 1315 439 1386 πονηρός,
460 1311 646 1384 ἐπειδὴ
669 1315 759 1370 καὶ
778 1312 946 1380 αὐτὸς
961 1313 1265 1384 ἄνθρωπός
1284 1316 1459 1381 ἐστινς
1479 1312 1807 1384 Ξυνεχώρει.

125 1395 201 1451 Τὸ
237 1395 289 1452 δ’
323 1396 522 1452 ἑαυτὸν
550 1392 775 1466 ἀγνοεῖν
803 1409 1120 1468 σωφρονεῖν
1149 1398 1298 1453 ἐστὶν
1317 1392 1353 1467 ἦ
1373 1395 1446 1468 μὴ
1469 1408 1812 1468 σωφρονεῖνς

126 1476 221 1549 Μή
262 1492 592 1548 σωφρονεῖν.
653 1477 727 1534 Τὸ
753 1478 955 1536 ἑαυτὸν
971 1479 1079 1550 ἄρα
1101 1478 1436 1550 γιγνώσκειν
1455 1480 1565 1535 ἐστὶ
1585 1494 1813 1550 σωφρο-

120 1572 265 1625 νεῖνς
305 1565 482 1631 Φημί,
520 1566 642 1632 ἔφη.
707 1559 875 1617 Τοῦτ’
916 1561 1050 1631 ἄρα,
1094 1559 1169 1627 ὥς
1197 1565 1367 1632 ἔοικε,
1406 1558 1468 1616 τὸ
1490 1563 1550 1616 ἐν
1569 1567 1813 1631 Δελφοῖς

118 1643 344 1715 γράμμα
365 1644 823 1714 παρακελεύεται,
861 1644 1238 1716 σωφροσύνην
1268 1643 1459 1700 ἀσκεῖν
1487 1645 1578 1700 καὶ
1600 1647 1811 1700 δικαιο-

120 1727 316 1797 σύνην.
359 1725 587 1782 Ἔοικεν.
652 1732 732 1799 Τῇ
765 1725 909 1800 αὐτῇ
938 1730 998 1785 δὲ
1027 1727 1199 1800 ταύτῃ
1230 1730 1319 1783 καὶ
1350 1727 1603 1794 κολάζειν
1625 1725 1813 1796 ὀρθῶς

120 1806 486 1878 ἐπιστάμεθας
510 1813 634 1864 Ναί.
684 1806 916 1865 Ούκοῦν
935 1802 971 1882 ᾖ
989 1809 1091 1880 μὲν
1112 1810 1362 1876 κολάζειν
1381 1808 1571 1879 ὀρθῶς
1589 1809 1811 1865 ἐπιστά-

119 1899 287 1963 μεθα,
309 1890 634 1962 δικαιοσύνη
653 1890 792 1962 αὕτη
813 1893 978 1962 ἐστίν,
999 1885 1034 1964 ᾗ
1052 1893 1111 1947 δὲ
1131 1891 1554 1962 διαγιγνώσκειν
1571 1894 1662 1948 καὶ
1679 1893 1810 1948 ἑαυ-
1840 1907 1868 1948 Β

118 1972 219 2030 τόν
240 1975 331 2029 καὶ
353 1972 584 2043 ἄλλους,
624 1973 995 2045 σωφροσύνης
1018 1971 1266 2043 'Eccum
1288 1978 1410 2044 ἔφη.
1475 1971 1695 2029 Ταύτόν
1714 1971 1808 2043 ἄρ’

130 2056 236 2112 ἐστὶ
255 2057 345 2112 καὶ
365 2055 691 2126 δικαιοσύνη
713 2056 802 2111 καὶ
822 2055 1194 2126 σωφροσύνης
1233 2060 1510 2111 Φαίνεται.

263 2142 391 2193 vm.
460 2141 566 2193 Καὶ
596 2138 708 2208 μὴν
735 2136 884 2194 οὕτω
911 2158 975 2207 γε
1004 2138 1094 2193 καὶ
1123 2139 1184 2192 αἱ
1207 2137 1394 2202 πόλεις
1421 2130 1486 2193 εὖ
1505 2141 1807 2208 οἰκοῦνται,

117 2216 253 2276 ὅταν
281 2222 339 2275 οἰ
362 2217 686 2284 ἀδικοῦντες
719 2222 880 2290 δίκην
911 2222 1155 2274 διδῶσιν.
1209 2217 1414 2291 Ἀληθῆ
1446 2221 1647 2291 λέγεις,
1685 2223 1806 2292 ἔφη.

118 2302 228 2358 Καὶ
247 2300 496 2372 πολιτικὴ
518 2299 678 2372 ἅραὴ
701 2299 840 2372 αὐτή
859 2304 1023 2357 ἐστιν.
1078 2300 1394 2364 Ξυνεδόκει.
1455 2308 1524 2358 Τι’
1550 2305 1614 2358 δέ
1621 2326 1636 2369 ς
1672 2301 1809 2359 ὅταν

119 2379 196 2449 εἷς
216 2381 359 2454 ἀνὴρ
379 2381 566 2451 ὀρθῶς
588 2383 751 2439 πόλιν
782 2387 963 2455 διοικῇ
977 2425 993 2454 ,
1033 2382 1210 2455 ὄνομά
1229 2405 1290 2454 γε
1313 2405 1493 2460 τούτῳ
1514 2382 1583 2441 ού
1600 2385 1809 2455 τύραν-

116 2463 216 2530 νός
244 2486 300 2520 τε
333 2467 423 2521 καὶ
451 2466 742 2537 βασιλεύςς
776 2471 939 2537 Φημί.
996 2464 1229 2522 Οὐκοῦν
1248 2471 1506 2541 βασιλικῇ
1526 2489 1583 2524 τε
1603 2469 1693 2524 καὶ
1709 2488 1809 2523 τυ·-

119 2552 356 2619 ραννικῇ
385 2549 546 2619 τέχνῃ
578 2550 797 2614 διοικετς
838 2545 1048 2613 Οὕτως.
1106 2548 1215 2604 Καὶ
1244 2541 1407 2606 αὗται
1435 2547 1526 2619 ἄρ’
1561 2553 1621 2606 αἰ
1646 2546 1807 2606 αὐταὶ

116 2633 298 2700 τέχναι
319 2631 458 2685 εἰσὶν
476 2631 731 2695 ἐκείναιςς
753 2635 1068 2687 Φαίνονται.
1115 2637 1184 2687 Τί
1199 2635 1262 2687 δέ
1271 2655 1286 2699 ς
1309 2630 1446 2688 ὅταν
1466 2627 1544 2699 εἷς
1562 2628 1643 2689 ὦν
1662 2629 1806 2705 ἀνὴρ
1841 2650 1870 2696 c

117 2715 297 2767 οἰκίαν
314 2716 492 2783 διοικῇ
514 2710 718 2782 ὀρθῶς,
739 2719 795 2769 τί
809 2711 987 2785 ὄνομα
1004 2714 1180 2789 τούτῳ
1197 2717 1372 2782 ἐστίνς
1393 2713 1498 2772 οὐκ
1515 2715 1808 2787 οἰκονόμος

116 2812 173 2848 τε
191 2797 279 2850 καὶ
306 2795 599 2865 δεσπότηςς
624 2800 748 2850 Ναί.
791 2795 1041 2863 Πότερον
1061 2790 1165 2853 οὖν
1185 2798 1275 2853 καὶ
1295 2789 1459 2863 οὗτος
1479 2797 1806 2869 δικαιοσύνῃ
