2028 3198
682 131 732 180 Φ
745 131 773 180 1
780 133 834 180 Λ
843 132 902 179 H
909 131 952 181 Β
968 130 1012 180 Ο
1023 132 1084 179 Σ.
1621 129 1723 183 129

173 272 298 324 ΣΩ.
351 267 463 324 Καὶ
490 263 608 337 μὴν
631 263 892 333 καθάπερ
930 261 1063 334 ἡμῖν
1099 264 1369 335 οἰνοχόοις
1403 267 1511 322 τισὶ
1549 285 1720 334 παρε-

33 355 193 406 στᾶσι
221 355 451 420 κρῆναι,
480 348 696 418 μέλιτος
723 347 827 416 μὲν
855 341 928 400 ἂν
947 342 1229 411 ἀπεικάζοι
1246 367 1328 411 τις
1346 344 1451 417 τὴν
1468 353 1564 419 τῆς
1587 344 1688 418 ἡδο

33 437 151 502 νῆς,
170 429 276 501 ’τὴν
291 429 352 485 δὲ
363 435 462 500 τῆς
477 427 804 500 φρονήσεως
822 425 1172 498 νηφαντικὴν
1190 428 1282 483 καὶ
1302 427 1498 485 ἄοινον
1516 427 1727 499 αὐστη-

32 518 140 582 ροῦ
156 513 248 567 καὶ
266 509 519 582 ὑγιεινοῦ
546 508 700 574 τινὸς
727 507 932 573 ὕδατος
945 530 956 541 ·
995 505 1060 573 ἃς
1079 513 1474 581 προθυμητέον
1494 507 1567 576 ὡς
1586 509 1726 567 κάλ-

32 599 188 648 λιστα
209 591 604 663 συμμιγνύναι.

171 677 343 729 ΠΡΩ.
399 678 531 738 Πῶς
551 671 660 743 γὰρ
681 671 752 728 οὔ
765 697 780 738 ;
829 742 838 749 ·

171 761 300 812 ΣΩ.
360 759 502 827 Φέρε
534 756 600 827 δὴ
632 755 929 826 πρότερον·
967 747 1076 824 ἀρα
1116 760 1303 810 πᾶσαν
1329 753 1543 826 ἡδονὴν
1571 755 1721 828 πάσῃ
1751 768 1788 808 Ι)

34 839 306 910 φρονήσει
324 839 620 910 μιγνύντες
636 845 740 894 τοῦ
758 843 939 902 καλῶς
956 833 1029 892 ἀν
1047 837 1284 908 μάλιστα
1304 837 1680 909 ἐπιτύχοιμεν;

171 923 341 976 ΠΡΩ.
381 918 557 985 Ἴσως.

170 1006 297 1057 ΣΩ.
348 998 492 1057 Ἀλλ’
528 1000 632 1057 οὐκ
661 999 920 1071 ἀσφαλές.
951 993 987 1073 ᾗ
1008 1000 1066 1056 δὲ
1086 998 1523 1072 ἀκινδυνότερον
1541 997 1615 1057 ἀν
1634 1024 1724 1072 μι-

31 1081 325 1153 γνύοιμεν,
346 1082 517 1147 δόξαν
534 1103 628 1153 μοι
650 1085 799 1138 δοκῶ
819 1081 942 1139 τινὰ
962 1081 1368 1156 ἀποφήνασθαι
1388 1082 1477 1139 ἄν.

169 1170 338 1220 ΠΡΩ.
395 1167 535 1235 Λέγε
552 1175 692 1221 τίνα.

174 1250 303 1301 ΣΩ.
350 1240 452 1301 Ἦν
470 1245 602 1317 ἡμῖν
622 1244 796 1317 ἡδονή
817 1268 874 1301 τε
894 1245 1145 1319 ἀληθῶς,
1168 1246 1241 1312 ὡς
1261 1246 1514 1319 οἰόμεθα,
1537 1248 1724 1316 ἑτέρας

31 1328 168 1398 ἄλλη
187 1328 279 1383 καὶ
301 1326 368 1398 δὴ
388 1330 479 1382 καὶ
498 1331 658 1399 τέχνη
679 1331 872 1399 τέχνης
891 1326 1278 1399 ἀκριβεστέρα;

169 1414 336 1464 ΠΡΩ.
390 1413 523 1474 Πῶς
540 1407 647 1479 γὰρ
670 1408 768 1476 οὕς

170 1494 296 1545 ΣΩ.
352 1492 461 1544 Καὶ
491 1491 759 1561 ἐπιστήμη
802 1489 867 1562 δὴ
899 1492 1197 1563 ἐπιστήμης
1225 1490 1520 1562 διάφορος,
1558 1489 1592 1561 ἡ
1624 1492 1726 1561 μὲν

30 1574 113 1627 ἐπὶ
131 1570 197 1626 τὰ
217 1571 517 1642 γιγνόμενα
537 1574 627 1627 καὶ
657 1570 1014 1643 ἀπολλύμενα
1045 1570 1469 1644 ἀποβλέπουσα,
1506 1568 1541 1644 ἡ
1563 1571 1622 1628 δὲ
1641 1573 1726 1628 ἐπὶ

28 1651 94 1708 τά
115 1653 249 1724 μήτε
267 1654 571 1724 γιγνόμενα
588 1653 722 1725 μήτε
742 1652 1131 1726 ἀπολλύμενα,
1171 1653 1310 1710 κατὰ
1340 1653 1512 1709 ταύτὰ
1545 1652 1603 1710 δὲ
1631 1658 1724 1710 καὶ
1755 1671 1789 1710 Ε

30 1732 293 1800 ὡσαύτως
321 1732 456 1790 ὄντα
487 1733 587 1790 ἀεί.
626 1735 836 1806 ταύτην
854 1740 929 1801 εἰς
946 1735 1007 1791 τὸ
1029 1734 1235 1807 ἀληθὲς
1255 1736 1725 1807 ἐπισκοπούμενοι

25 1813 359 1889 ἡγησάμεθα
377 1820 587 1888 ἐκείνης
606 1815 1024 1887 ἀσφαλεστέραν
1044 1815 1195 1873 εἶναι.

165 1902 340 1954 Ilpa.
397 1898 567 1953 Πάνυ
594 1898 697 1970 μὲν
721 1892 829 1954 οὖν
848 1896 1052 1970 ὀρθῶς.

13 2041 21 2050 ,
167 1985 291 2037 ΣΩ.
369 1978 599 2036 Οὐκοῦν
645 1986 696 2037 εἰ
736 1979 1116 2053 τάληθέστατα
1166 1982 1419 2054 τμήματα
1464 1983 1724 2054 ἑκατέρας

26 2065 239 2132 ἴδοιμεν
268 2068 492 2132 πρῶτον
520 2069 884 2134 συμμίξαντες
898 2106 911 2132 ,
952 2057 1062 2131 ἆρα
1103 2062 1269 2120 ἱκανά
1306 2071 1481 2120 ταῦτα
1519 2082 1724 2136 συγκε-

24 2149 272 2213 κραμένα
303 2141 403 2199 τὸν
430 2141 848 2216 ἀγαπητότατον
876 2151 1002 2217 βίον
1021 2143 1447 2218 ἀπεργασάμενα
1467 2151 1723 2219 παρέχειν

26 2221 185 2295 ἡμῖν,
208 2221 245 2294 ἤ
263 2246 413 2290 τινος
431 2229 509 2281 ἔτι
533 2226 925 2298 προσδεόμεθα
945 2230 1036 2283 καὶ
1055 2234 1169 2283 τῶν
1187 2227 1260 2299 μὴ
1280 2227 1578 2295 τοιούτων;

165 2308 339 2360 ΠΡΩ.
392 2302 537 2377 Ἐμοὶ
557 2314 703 2378 γοῦν
723 2312 878 2363 δοκεῖ
893 2312 1036 2382 δρᾷν
1055 2308 1244 2375 οὕτως.
1749 2326 1808 2371 62

170 2392 441 2445 XXXVIII.
498 2395 623 2446 ΣΩ.
666 2389 843 2446 ’Έστω
875 2392 944 2462 δή
972 2414 1052 2458 τις
1079 2389 1212 2464 ἡμῖν
1241 2400 1472 2464 φρονῶν
1492 2394 1722 2464 ἅνθρω-

25 2490 128 2535 πος
150 2467 323 2541 αὐτῆς
352 2473 476 2539 περὶ
507 2474 889 2544 δικαιοσύνης,
927 2472 961 2529 ὅ
995 2496 1046 2530 τι
1075 2478 1215 2546 ἔστι,
1254 2478 1346 2533 καὶ
1379 2476 1553 2548 λόγον
1579 2482 1722 2548 ἔχων

0 2550 300 2623 ,ἑπόμενον
328 2558 405 2624 τῷ
439 2565 620 2623 νοεῖν,
660 2556 750 2610 καὶ
781 2553 847 2627 δὴ
881 2557 969 2612 καὶ
1000 2558 1123 2627 περὶ
1152 2563 1268 2614 τῶν
1286 2558 1474 2615 ἄλλων
1493 2560 1720 2616 πάντων

0 2639 137 2690 1’τῶν
155 2631 339 2688 ὄντων
361 2631 624 2700 ὡσαύτως
642 2638 1068 2709 διανοούμενος;

165 2721 335 2773 ΠΡΩ.
377 2716 556 2773 ’Ἑστω
575 2716 684 2788 γὰρ
705 2711 825 2775 οὖν.

166 2803 290 2921 ξΩ.
341 2792 455 2923 Ἆρ’
493 2793 600 2855 οὖν
629 2792 793 2867 οὖτος
822 2804 1024 2868 ἱκανῶς
1054 2804 1353 2876 ἐπιστήμης
1377 2805 1481 2868 ἕξει
1501 2803 1716 2860 κύκλου

203 2891 318 2923 uro
405 2913 415 2921 .
1407 2885 1435 2930 9
