2028 3198
0 0 36 70 θ’,ἱ

774 132 1171 175 ΡιιΑΕιἈΤιο.
1548 183 1550 185 ,
1812 143 1859 172 nx

65 253 138 295 tici
165 259 400 294 monstrum
424 250 528 293 illud
545 248 736 291 vocabuli
763 255 1014 303 agnoscunt,
1040 253 1289 292 vetustatem
1309 251 1469 287 tautum
1495 245 1661 296 erroris,
1685 258 1768 286 non
1792 259 1864 286 ve-

0 310 18 337 ’ν
69 312 233 352 ritatem
265 309 428 364 arguit,
471 307 582 348 unde
607 307 698 360 Jam
739 317 850 349 saec.
883 305 933 346 11.
965 317 1008 358 p.
1045 303 1141 346 chr.
1172 317 1214 348 n.
1246 304 1376 345 libros
1408 303 1636 344 admodum
1676 311 1868 344 remotos

69 368 204 409 fuisse
240 364 633 420 interpolamentum
673 355 975 418 ἄμβλίσκουσι
1017 363 1057 402 in
1097 362 1324 403 Theaeteto
1364 375 1401 402 c.
1435 357 1463 401 6
1499 362 1588 414 jam
1627 372 1652 401 a
1691 359 1859 402 Polluce

70 426 224 468 lectum
254 432 296 465 et
317 417 435 462 καλὰ
464 414 525 474 δὴ
555 422 777 473 παταγεῖς
806 421 859 460 ab
883 419 1079 472 Hesychii
1106 419 1331 472 photiique
1359 419 1600 460 auctoribus
1629 431 1681 459 ex
1703 418 1862 473 Enthy-

69 482 192 524 demo
225 494 263 522 c.
296 477 355 520 20
391 479 589 520 traditum
631 478 883 526 ostendunt3
924 471 1086 529 γένους
1124 483 1264 517 autem
1308 476 1373 517 vel
1410 473 1545 518 Oxou.
1581 477 1862 524 commendat,

68 539 139 581 ubi
170 550 300 591 quum
332 537 560 579 distinctim
592 531 755 588 γένους
785 532 868 588 τῆς
897 533 1111 588 legamus,
1155 531 1238 585 τῆς
1280 547 1363 575 non
1396 534 1556 586 majore
1586 534 1758 587 negotio
1789 533 1867 574 eli-

67 596 314 644 minabitur,
346 606 470 647 quam
503 606 547 647 p.
573 591 631 636 32
658 596 708 643 Α,
741 592 812 633 ubi
845 592 958 632 idem
986 603 1208 646 perperam
1240 591 1325 643 τῆς
1353 604 1431 645 pro
1467 588 1550 631 τοῦ
1580 590 1765 643 exhibet,
1796 590 1864 631 vel

67 666 111 708 p.
144 652 201 696 52
232 652 287 702 C,
329 653 400 693 ubi
441 652 589 693 eadem
621 665 705 693 vox
738 651 896 692 dudum
927 658 1023 690 ante
1052 645 1135 690 τοῦ
1166 649 1325 689 meritis
1358 647 1557 690 cancellis
1589 648 1752 689 inclusa
1783 655 1865 689 est.

0 731 2 733 v
67 734 124 742 —
153 711 200 752 P.
229 707 288 752 30
318 710 351 750 Ε
387 705 466 750 ναὶ
505 707 655 756 καλῶς
696 702 823 754 εἶπες
863 707 1004 750 Herm.
1038 720 1091 747 ex
1133 705 1268 747 Oxon.
1303 706 1524 759 vestigiis,
1565 707 1637 746 ubi
1682 713 1746 747 est
1783 701 1864 746 καὶ

67 766 240 815 mide.-
273 767 374 809 editi
405 767 655 821 simpliciter
677 763 834 812 ,καλῶς
861 758 1006 812 εἶπες.
1054 765 1155 804 Mox
1183 770 1323 804 tamen
1348 763 1484 804 eidem
1515 775 1597 803 non
1622 764 1742 816 potui
1767 775 1863 805 cum

69 827 171 868 Tur.
201 825 281 867 hoe
312 825 439 873 dare,
479 832 526 865 ut
554 822 639 864 νῦν
671 818 730 876 δὴ
767 820 877 869 νοῦς
909 823 1158 870 scriberem,
1192 821 1307 873 quod
1338 833 1466 872 quam
1498 821 1764 861 incommode
1801 821 1864 862 di-

69 891 220 933 certnr,
250 883 372 924 docte
397 880 546 923 Stallb.
575 883 754 937 aperuit.
790 882 924 921 Vetus
958 892 1072 921 error
1102 879 1201 919 latet
1233 879 1274 919 in
1304 878 1423 932 vulg.
1451 875 1537 917 νῦν
1565 870 1629 930 δή
1653 889 1761 928 που,
1792 879 1868 919 nbi

0 964 9 992 ν,
70 954 200 994 quum
230 940 415 987 librarii,
453 940 568 992 quod
599 947 708 981 recte
739 951 875 992 nuper
902 937 965 979 BS
1005 936 1327 986 intellexerunt,
1374 934 1486 982 νοῦς
1524 948 1601 990 pro
1644 933 1731 975 νῦν
1764 937 1867 977 sub-

3 1000 14 1017 ·
68 999 243 1040 stituere
280 997 539 1046 voluissent,
581 1011 663 1039 vox
695 997 983 1050 suprascripta
1021 1007 1243 1048 perperam
1283 995 1432 1047 partic.
1465 1004 1559 1033 που
1597 993 1774 1047 expulit.
1809 1015 1863 1023 --—

12 1100 19 1108 ,
67 1057 118 1099 Ρ.
147 1054 207 1098 32
237 1054 269 1097 C
297 1050 391 1105 πρὸ
422 1053 516 1096 τῶν
547 1053 707 1095 λυπῶν
735 1054 782 1103 Ο,
813 1047 904 1106 πρὸ
937 1051 1029 1094 τῶν
1060 1049 1283 1104 λυπηρῶν
1309 1050 1600 1092 VBST.——·P.
1619 1049 1723 1092 3413
1751 1042 1865 1090 ποθ’

72 1106 99 1167 ἦ
124 1112 252 1163 VBS,
285 1107 424 1165 πάθη
449 1113 484 1152 Τ
512 1126 566 1153 ex
593 1113 625 1155 Ο
658 1112 865 1166 vestigiiS‚
900 1112 971 1163 qui
1001 1110 1119 1151 offert
1150 1101 1269 1149 καθ’
1297 1101 1354 1162 ἡε
1392 1122 1472 1164 ego
1502 1122 1600 1150 vero
1632 1108 1869 1163 proclivem

69 1170 228 1214 librarii
262 1183 445 1212 errorem
479 1183 561 1211 non
592 1171 696 1212 tanti
730 1170 855 1218 facio,
887 1176 932 1209 ut
965 1170 1143 1209 otiosam
1173 1168 1269 1208 ideo
1299 1180 1447 1208 vocem
1481 1167 1676 1220 scriptori
1706 1179 1781 1220 pro
1808 1167 1863 1206 si-

70 1228 416 1284 gnificantissime
449 1229 685 1271 obn-udam.
719 1249 778 1258 -
808 1229 855 1268 P.
883 1224 942 1269 34
973 1226 1004 1267 C
1035 1224 1116 1267 ἴνα
1146 1217 1239 1278 ἤδη
1269 1224 1305 1265 Η
1336 1237 1389 1266 ex
1421 1226 1533 1278 conj.
1567 1237 1643 1277 pro
1675 1221 1756 1264 ἵνα
1783 1218 1864 1277 μή,

71 1286 184 1340 qnod
213 1286 289 1328 VB
321 1298 415 1326 cum
449 1285 570 1327 libris
599 1287 881 1331 retinuerunt,
921 1285 1032 1325 idem
1073 1290 1214 1325 tamen
1252 1283 1341 1336 jam
1377 1281 1627 1333 SchiitziuS,
1661 1281 1865 1323 Heindor-

70 1344 175 1391 nus.
206 1343 416 1385 Heusdius
446 1343 692 1384 mutandum
722 1354 816 1383 esse
850 1341 1057 1391 viderunt,
1091 1353 1197 1394 quos
1229 1348 1398 1381 secutus
1432 1339 1583 1383 Stallb.
1614 1332 1679 1393 πῂ
1711 1339 1869 1386 edidit·‚

71 1402 224 1442 rectius
255 1409 392 1442 tamen
424 1401 479 1442 ad
509 1413 680 1442 sensum
711 1401 810 1440 Tur.
845 1412 939 1439 curn
973 1399 1126 1439 Crovio
1157 1390 1233 1450 δή,
1266 1399 1347 1438 nisi
1377 1399 1492 1449 quod
1514 1390 1577 1451 μὴ
1609 1397 1780 1439 facilius
1814 1409 1866 1436 ex

73 1449 163 1511 ἤδη
195 1459 366 1512 prodire
394 1458 585 1512 potuisse
609 1458 818 1499 contraria
849 1456 1084 1509 corruptela
1113 1456 1276 1497 Politic.
1311 1468 1353 1508 p.
1374 1453 1514 1498 303A
1549 1455 1758 1506 ostendit3
1784 1453 1867 1495 hoc

15 1546 19 1551 .
73 1517 216 1570 igitur,
248 1529 377 1568 quum
406 1517 656 1569 praesertim
689 1517 814 1556 etiam
847 1515 888 1554 in
920 1513 1132 1554 Protarchi
1165 1525 1368 1566 responso
1400 1514 1562 1565 redeat,
1594 1512 1790 1566 praetuli.
1810 1533 1867 1542 --

69 1570 193 1615 234
212 1574 243 1614 E
275 1566 539 1625 α’πολοῦμεν
571 1587 595 1614 a
620 1574 758 1614 Turic.
786 1586 838 1613 ex
863 1571 998 1612 Oxon.
1032 1573 1232 1611 insertum
1266 1570 1464 1611 cancellis
1495 1577 1605 1611 certe
1636 1569 1871 1611 notandum

71 1631 200 1678 duxi,
238 1631 337 1683 qnia
377 1632 479 1672 mihi
511 1644 679 1684 quoqne
710 1638 756 1671 ut
788 1629 1062 1671 Stallbaumio
1095 1628 1311 1695 epizeuxis
1344 1641 1368 1668 a
1407 1628 1487 1668 loci
1522 1626 1662 1668 colore
1692 1638 1868 1680 prorsus

12 1699 20 1705 ’
70 1687 208 1729 aliena
239 1689 427 1735 videtum
458 1701 534 1729 nec
559 1701 602 1742 p.
630 1686 688 1731 36
709 1687 740 1729 C
764 1685 862 1734 πῶς
893 1680 949 1740 δ’,
977 1674 1012 1726 ὦ
1038 1685 1192 1736 Σωκρ.
1220 1698 1315 1725 curn
1335 1684 1439 1726 VBS
1465 1685 1530 1726 vel
1561 1691 1703 1726 contra
1731 1683 1866 1725 Oxon.

73 1746 250 1787 retinere
293 1746 507 1794 dubitat-i,
549 1759 674 1798 quem
706 1747 840 1787 secuti
872 1745 968 1785 Tur.
1013 1738 1064 1783 δὲ
1095 1744 1345 1792 omiserunt3
1387 1755 1430 1796 p.
1462 1739 1518 1785 37
1549 1742 1581 1783 Β
1615 1748 1755 1782 autem
1788 1754 1866 1795 pro

74 1801 221 1843 Stallb.
253 1804 365 1857 conj.
397 1800 552 1856 εἴληχε
582 1803 776 1855 quamvis
808 1802 1108 1843 Turiccnsibus
1140 1814 1308 1852 quoque
1342 1801 1519 1853 probata
1550 1800 1666 1867 vulg.
1701 1796 1866 1852 εἰληφε

72 1859 222 1901 eodem
256 1860 452 1914 exemplo
484 1861 674 1909 restitui,
710 1872 793 1912 quo
826 1858 1014 1914 Sophist.
1048 1873 1083 1899 c.
1118 1857 1174 1900 14
1205 1871 1256 1899 ex
1289 1866 1376 1912 opt.
1413 1858 1505 1898 cod.
1536 1851 1756 1909 εἰληφασι
1789 1870 1865 1910 pro

69 1909 279 1971 εἰλήχασι
314 1918 581 1959 scribendum
624 1918 725 1966 suit3
774 1929 850 1958 nec
881 1931 924 1971 p.
956 1914 1015 1958 38
1048 1917 1077 1956 Β
1118 1915 1184 1957 vel
1218 1917 1466 1968 conjunctae
1496 1913 1596 1956 BST
1628 1915 1868 1956 auctoritati

14 2007 23 2021 ,
70 1972 177 2018 illud
201 1975 342 2024 tribui,
371 1983 416 2015 ut
444 1974 632 2017 Cornarii
660 1977 940 2030 conjecturam
965 1967 1161 2027 α’γνοιάς
1187 1985 1263 2027 pro
1288 1966 1455 2019 α’νοιάς
1480 1985 1710 2026 servarem,
1739 1984 1864 2025 quam

70 2044 215 2075 rocem
256 2033 424 2075 omnino
466 2033 549 2074 dici
589 2046 671 2074 non
716 2040 854 2087 potest
887 2039 1043 2084 quanta
1075 2031 1235 2073 invidia
1267 2031 1455 2072 Platonis
1487 2031 1670 2072 editores
1702 2030 1865 2085 passim

70 2091 280 2145 persecuti
305 2092 403 2131 sint.
451 2090 668 2132 Remansit
700 2099 837 2131 tamen
866 2090 905 2131 in
931 2090 1020 2131 loco
1047 2091 1171 2143 plane
1196 2090 1364 2143 gemino
1392 2089 1549 2130 Pltaed.
1581 2103 1617 2129 c.
1638 2086 1717 2131 29:
1751 2079 1866 2127 πλά-

69 2158 157 2214 νης
185 2144 265 2188 καὶ
295 2141 461 2195 ἀνοίας
490 2144 569 2188 καὶ
602 2141 763 2203 φόβων
788 2144 867 2189 καὶ
894 2140 1070 2201 ἀγρίων
1095 2139 1280 2199 ἐρώτων
1305 2142 1384 2187 καὶ
1415 2144 1507 2187 τῶν
1533 2138 1682 2185 ἄλλων
1708 2142 1865 2185 κακῶν

15 2214 20 2221 “
71 2217 166 2248 των
192 2197 294 2246 α’νθ
325 2204 518 2246 ωπίνων
550 2197 905 2259 ἀντηλλαγμένη,
950 2218 1084 2257 neque
1126 2204 1395 2258 intelligitur,
1434 2203 1646 2255 quomodo
1690 2203 1751 2252 ei,
1794 2203 1866 2255 qui

0 2260 8 2266 “
70 2259 185 2303 νοῦν
214 2271 255 2304 et
309 2257 547 2317 πιστήμην
578 2264 824 2306 arctissimis
856 2270 1024 2303 mutuae
1061 2262 1386 2303 necessitudinis
1416 2261 1596 2302 vinculis
1633 2261 1864 2315 conjunxit,

69 2313 238 2362 boam
269 2330 309 2362 et
338 2313 535 2375 ἄγνοιαν
565 2322 806 2376 promiscue
840 2332 1047 2388 usurpare
1076 2331 1158 2359 non
1197 2319 1379 2368 licuerit;
1422 2318 1531 2360 adde
1562 2319 1770 2387 insignem
1805 2317 1864 2359 lo-

70 2390 166 2419 cum
198 2379 306 2420 Tim.
343 2392 386 2434 p.
421 2376 479 2423 86
508 2378 563 2420 B:
606 2371 747 2419 νόσον
786 2372 870 2431 μὲν
911 2374 939 2417 ὅ
1007 2374 1163 2430 ψυχῆς
1203 2368 1372 2418 ἄνοιαν
1404 2387 1742 2430 συγχωρητεον,
1778 2368 1867 2416 δύο

72 2426 116 2474 δ’
138 2428 305 2482 ἄνοίας
334 2432 462 2490 γένη,
493 2432 546 2477 τὸ
576 2430 660 2489 μὲν
690 2435 891 2489 μανίαν,
923 2390 974 2477 τΖ
1007 2427 1057 2476 δὲ
1087 2427 1333 2487 ἄμαθιάν.·
1373 2447 1480 2488 quae
1512 2446 1641 2486 quum
1673 2435 1731 2475 ita
1764 2435 1864 2486 sint,

73 2491 312 2546 ubicunqne
342 2495 432 2534 sine
456 2493 656 2535 librorum
684 2495 767 2535 nde
792 2486 931 2533 ἄνοια
962 2495 1001 2533 in
1033 2485 1230 2546 ἄγνοιαν
1260 2494 1313 2534 ab
1344 2493 1574 2535 editoribus
1601 2498 1759 2533 mutata
1785 2499 1862 2537 est.

7 2597 13 2603 ‚
71 2550 222 2590 tacitus
250 2550 475 2604 corrigam.
504 2573 558 2582 —
583 2552 630 2593 P.
649 2551 702 2594 41
725 2554 762 2592 Α
789 2562 836 2592 τε
870 2557 964 2605 post
991 2543 1138 2598 λύπας
1171 2559 1210 2592 et
1238 2544 1299 2593 ἔτι
1330 2557 1426 2592 ante
1451 2547 1568 2604 δοκῆ
1619 2550 1708 2650 pud
1724 2548 1867 2590 VBST

4 2645 28 2706 λ

70 2607 227 2648 inserta
265 2620 357 2649 etim
391 2604 526 2649 Oxou.
559 2609 727 2662 expuli,
768 2608 1043 2662 ejusdemque
1082 2609 1272 2664 vestigiis
1310 2621 1410 2649 mox
1439 2593 1551 2662 ἄλλῄ
1588 2605 1617 2647 ὃ
1670 2602 1750 2647 καὶ
1785 2618 1866 2661 pro

68 2656 243 2720 mdiv
278 2658 328 2705 δὲ
359 2657 472 2719 ἄλλῃ
506 2660 583 2705 καὶ
615 2666 745 2714 edidi,
773 2666 870 2719 quta
910 2678 990 2707 non
1022 2678 1190 2721 semper
1218 2679 1367 2719 magna
1399 2667 1606 2720 pravitate
1642 2677 1748 2719 opus
1781 2669 1861 2714 est,

45 2719 116 2763 'nt
156 2721 352 2776 voluptas
391 2734 523 2776 prava
564 2725 755 2766 exsistat.
816 2722 948 2767 Oxon.
983 2732 1149 2766 vetusta
1191 2731 1235 2764 ut
1268 2725 1435 2765 videtur
1464 2723 1699 2776 corruptela
1733 2721 1862 2763 habet

4 2771 241 2853 ''t“mdln
271 2773 321 2821 δὶ
353 2776 432 2820 nat
464 2778 626 2835 πολλῇ,
657 2780 723 2848 ‘cni
757 2793 884 2848 quum
916 2780 988 2823 alii
1023 2794 1165 2823 verum
1196 2773 1308 2837 ἄλλῃ
1339 2781 1687 2835 adt-scripsissent,
1721 2791 1840 2820 emen

47 2834 201 2893 latio,
232 2845 275 2878 ιιι
307 2836 422 2879 hand
454 2850 546 2879 raro
581 2839 747 2888 accidit,
780 2837 962 2880 alienum
996 2837 1132 2881 locum
1166 2839 1399 2894 occupavi.
1429 2861 1486 2869 ——
1513 2838 1555 2879 P.
1584 2837 1634 2882 41
1669 2837 1701 2879 B
1727 2834 1861 2888 εἴπερ
