2028 3198
64 115 124 161 §a
211 113 214 116 ⁴
390 107 936 157 ΑΛΚΙΒΙΛΔΗΣ
967 81 1413 156 ΔΕΥΤΕΡΟΣ
1649 109 1752 161 333

65 247 374 313 αἰτιῶνται,
410 244 464 308 ἐξ
494 242 722 297 ἐκείνων
749 240 988 310 φάμενοι
1014 239 1158 295 κακά
1188 256 1380 310 σφισιν
1409 240 1574 298 εἶναι·
1612 247 1670 300 οἶ
1694 246 1752 302 δὲ

65 326 157 381 καὶ
177 322 335 380 αὐτοὶ
353 327 563 424 σφῇσιν
581 330 686 378 εἴτε
703 318 1128 376 ἀτασθαλίαισιν
1159 329 1266 377 εἴτε
1293 319 1617 393 ἄφραδίαισι
1647 323 1748 397 χρή

64 410 267 475 εἰπεῖν,
289 402 429 474 ὑπερ
447 402 627 474 μόρον
646 400 799 473 ἄλγε’
823 407 1022 474 ἔχουσι.
1044 403 1359 459 κινδυνεύει
1377 410 1539 476 γοῦν,
1562 399 1607 462 ὦ
1634 403 1823 463 Ἀλ-Ε

5 547 7 550 ⁴
64 486 315 558 κιβιοὶδη,
354 483 628 555 φρόνιμός
656 506 736 549 τις
767 482 906 539 εἶναι
933 481 1195 550 ἐκεῖνος’
1169 506 1198 540 ο
1230 485 1484 557 ποιητής,
1525 484 1586 552 ὃς
1605 491 1757 544 δοκεῖ

63 587 159 637 μοι
188 574 371 637 φίλοις
404 565 662 637 ἀνοήτοις
698 567 802 620 τισὶ
838 565 1208 637 χρησάμενος,
1246 563 1397 637 ὁρῶν
1425 566 1631 634 αὐτοὺς
1664 571 1755 625 καὶ

63 649 408 719 πράττοντας
427 650 518 705 καὶ
539 646 873 719 εὐχομένους
891 647 1032 717 ἅπερ
1052 647 1121 704 οὐ
1138 651 1358 720 βέλτιον
1387 643 1426 720 ἦ
1429 671 1486 720 ν,
1529 653 1755 717 ἐκείνοις

65 732 126 785 δὲ
146 731 344 802 ἐδόκει,
365 737 527 803 κοινῇ
546 727 686 800 ὑπὲρ
706 729 970 786 ἁπάντων
989 728 1176 786 αὐτῶν
1196 728 1372 801 εὐχὴν
1391 732 1733 803 ποιήσασθαι
1747 750 1759 762 ·

65 813 208 882 λέγει
228 814 292 868 δέ
309 833 424 878 πως
444 811 568 868 ὡδί·

275 900 388 950 Ζεῦ
403 899 660 965 βασιλεῦ,
694 890 760 947 τὰ
781 893 884 962 μὲν
903 892 1109 963 ε’σθλοὶ,
1142 898 1303 963 φησί,
1334 895 1424 948 καὶ
1443 892 1757 966 εὐχομένοις
1787 906 1872 952 143

1096 975 1186 1030 καὶ
1205 971 1491 1040 ἆνεύκτοις

278 1054 416 1127 ἄμμι
445 1059 632 1127 δίδου,
669 1054 736 1112 τὰ
768 1059 827 1111 δὲ
846 1053 999 1111 δεινὰ
1021 1057 1111 1112 καὶ
1131 1054 1448 1127 εὐχομένοις
1467 1057 1754 1125 ἀπαλέξειν

65 1137 294 1193 κελεύει.
330 1139 449 1208 ἐμοὶ
475 1139 579 1209 μὲν
607 1132 712 1195 οὖν
743 1145 924 1203 καλῶς
954 1142 1109 1194 δοκεῖ
1130 1140 1221 1195 καὶ
1242 1137 1505 1211 ἀσφαλῶς
1524 1144 1704 1212 λέγειν
1722 1139 1751 1196 ὁ

66 1219 292 1290 ποιητής
308 1242 318 1252 ·
342 1218 414 1275 σύ
437 1219 491 1275 δ’
518 1229 571 1276 εἰ
584 1243 635 1276 τι
653 1223 715 1276 ἐν
733 1226 812 1293 νῶ
834 1225 969 1291 ἔχεις
988 1219 1127 1290 πρὸς
1144 1227 1334 1293 ταῦτα,
1354 1220 1428 1294 μὴ
1453 1224 1648 1281 σιῶπα.

205 1306 294 1359 vl.
363 1308 481 1357 AA.
541 1302 831 1372 Χαλεπόν,
863 1295 908 1357 ὦ
927 1300 1250 1374 Σώκρατες,
1280 1305 1431 1360 ἐστὶν
1447 1303 1755 1375 ἀντιλέγειν

0 1406 1 1446 1
64 1383 203 1454 πρὸς
222 1382 289 1440 τὰ
310 1391 491 1451 καλῶς
512 1388 771 1459 εἰρημένα
786 1407 797 1418 ·
834 1388 1013 1442 ἐκεῖνο
1034 1384 1085 1442 δ’
1109 1381 1216 1443 οὖν
1233 1390 1437 1459 ἐννοῶ,
1478 1387 1630 1444 ὅσων
1653 1411 1754 1444 κα-

0 1459 3 1474 ⁸
61 1474 180 1525 κῶν
201 1465 397 1539 αἰτίαὴ
418 1468 616 1539 ἄγνοια
635 1481 747 1534 τοῖς
765 1467 1114 1540 ἀνθρώποις,
1144 1468 1338 1539 ὁπότε,
1371 1467 1445 1535 ῶς
1462 1474 1632 1540 ἔοικε,
1665 1476 1756 1525 λε-

0 1604 2 1611 ,
62 1549 319 1621 λήθαμεν
347 1549 489 1622 ἡμᾶς
522 1549 728 1616 αὐτοὺς
760 1552 847 1605 διὰ
877 1550 1087 1622 ταύτην
1107 1553 1200 1608 καὶ
1229 1552 1559 1621 πράττοντες
1578 1553 1668 1608 καὶ
1686 1551 1750 1608 τό
1780 1571 1810 1612 Β

62 1628 119 1701 γ’
143 1636 373 1701 ἔσχατον
401 1630 691 1704 εὐχόμενοι
719 1631 852 1704 ἡμῖν
881 1631 1069 1698 αὐτοῖς
1097 1631 1164 1689 τοὶ
1194 1634 1440 1690 κάκιστα.
1480 1632 1617 1702 ὅπερ
1648 1627 1755 1689 οὖν

0 1750 5 1786 3
62 1709 245 1777 οὐδεὶς
281 1709 354 1768 ἄν
387 1719 632 1786 οἰηθείη,
677 1713 815 1771 ἀλλὰ
847 1715 1013 1771 τοῦτό
1041 1737 1104 1786 γε
1129 1722 1235 1781 πᾶς
1263 1712 1335 1771 ἄν
1365 1723 1533 1772 οἴοιτο
1564 1713 1756 1782 ἱκανὸς

0 1805 4 1870 ¹,
62 1792 230 1865 εἶναι,
266 1793 438 1861 αὐτὸς
456 1794 610 1871 αὑτῷ
627 1820 693 1852 τα
714 1802 966 1868 βέλτιστα
987 1795 1283 1869 εὔξασθαι,
1322 1795 1446 1854 ἀλλ’
1470 1795 1539 1853 οὐ
1559 1795 1625 1853 τὰ
1648 1797 1755 1854 κα’-

62 1894 236 1932 κιστα,
278 1883 444 1934 τοῦτο
472 1878 575 1948 μὲν
604 1878 711 1948 γὰρ
737 1876 811 1945 ὡς
838 1876 1064 1951 αληθῶς
1093 1902 1307 1955 καταρα
1342 1882 1450 1936 τινὶ
1486 1878 1753 1937 ἀλλὀὐκ

62 1954 196 2030 εὐχῇ
217 1955 414 2029 ὅμοιον
432 1981 505 2013 αν
525 1966 623 2030 εἴη

202 2045 327 2096 Σῼ.
381 2038 522 2096 Ἀλλ’
561 2049 717 2111 ίσως.
761 2036 806 2098 ὦ
823 2045 1094 2115 βέλτιστε,
1135 2041 1315 2114 φαίη
1290 2042 1363 2098 α’ν
1384 2065 1464 2107 τις
1482 2040 1655 2113 ἀνήρ,
1694 2040 1755 2109 ὃς

0 2169 1 2172 ,
66 2122 203 2190 ἐμοῦ
221 2142 279 2176 τε
299 2122 391 2178 καὶ
409 2128 515 2177 σοῦ
534 2124 852 2194 σοφώτερος
872 2120 953 2179 ῶν
969 2125 1234 2195 τυγχάνοι
1248 2167 1261 2194 ,
1282 2123 1386 2180 οὐκ
1408 2122 1596 2193 ὀρθῶς
1614 2123 1756 2198 ἡμᾶς

0 2253 2 2274 2
66 2203 272 2272 λέγειν,
310 2201 487 2268 οὕτως
515 2209 633 2277 εἰκῇ
654 2208 924 2275 ψέγοντας
943 2205 1202 2278 ἄγνοιαν,
1240 2214 1295 2263 εἴ
1307 2227 1370 2277 γε
1389 2206 1462 2278 μὴ
1486 2211 1755 2276 προσθεί-
1782 2223 1812 2266 C

0 2315 5 2324 ·
64 2303 204 2354 ημεν
224 2281 327 2353 τήν
347 2288 495 2339 ἔστιν
515 2278 562 2340 ὦ
567 2309 596 2340 ν
614 2308 671 2341 τε
692 2285 926 2357 ἄγνοιαν
946 2287 1036 2343 καὶ
1058 2292 1207 2344 ἔστιν
1226 2285 1309 2355 οἷς
1323 2289 1412 2344 καὶ
1435 2293 1624 2360 ἔχουσί
1639 2310 1755 2354 πως

0 2378 22 2444 ἶ,δ
62 2363 311 2436 ἀγαθόν,
334 2383 519 2436 ωσπερ
540 2370 769 2434 ἐκείνοις
788 2371 975 2426 κακόν.

21 2446 25 2450 ’
205 2453 324 2504 ΑΛ.
377 2454 507 2514 Πῶς
545 2452 747 2521 λε’γεις;
787 2458 901 2508 ἔστι
936 2452 1045 2524 γὰρ
1084 2451 1276 2509 ὁτιοῦν
1312 2460 1535 2526 πρᾶγμα
1573 2451 1751 2530 ὁτῳδή

21 2525 329 2586 ἒὸπωσοῦν
350 2530 574 2600 ἔχοντι’
547 2531 779 2601 α’μεινον
797 2530 1023 2602 ἀγνοεῖν
1040 2529 1078 2605 ἦ
1095 2534 1456 2606 γιγνώσκειν·
1443 2576 1458 2603 ,

0 2619 34 2683 ξι·
205 2616 331 2667 ΣΩ.
375 2612 592 2682 Ἔμοιγε
615 2616 787 2670 δοκεῖ·
810 2618 896 2671 σοὶ
916 2614 970 2671 δ’
993 2614 1086 2682 οὕ;

0 2687 5 2762 ζ
206 2699 307 2750 AA
384 2692 470 2751 Οὐ
487 2718 674 2765 μεντοι
693 2719 768 2767 μα
790 2703 913 2753 Διά.

205 2781 328 2833 Σὸλ
384 2776 541 2834 Ἀλλὰ
563 2777 673 2849 μὴν
694 2778 817 2835 οὐδ’
838 2782 1017 2837 ἐκεῖνό
1037 2800 1142 2838 σου
1161 2782 1603 2855 καταγνώσομαι,
1625 2785 1753 2840 ἐθέ-
