2028 3198
348 167 449 218 140
948 167 1425 216 ΠΛΑΤῼΝΟΣ
1998 183 2026 222 2

346 300 398 355 δ’
425 302 558 370 ἐγώ,
583 294 628 353 οἷ
645 299 950 364 Γλαύκων;
977 297 1080 353 οὐκ
1099 298 1250 354 οἶσθ’
1271 298 1356 356 ὅτι
1377 308 1599 358 πολλῶν
1619 301 2028 374 ἐτῶνἈγάθων

345 384 550 438 ἐνθάδε
573 380 676 436 οὐκ
696 381 1124 453 ἐπιδεδήμηκεν;
1162 379 1264 452 ἀφ’
1289 377 1362 438 οὗ
1383 381 1435 439 δ’
1458 384 1564 453 ἐγώ
1586 385 1871 455 Σωκράτει
1889 402 2028 442 συν-

344 471 603 536 διατρίβω
631 466 722 521 καὶ
751 465 996 535 ἐπιμελὲς
1026 469 1324 535 πεποίημαι
1353 466 1582 538 ἑκάστης
1603 465 1806 538 ἡμέρας
1826 472 2028 524 εἰδέναι

342 547 375 603 ό
395 570 446 603 τι
466 544 536 602 ἂν
556 548 687 619 λέγῃ
707 544 743 617 ἢ
762 549 999 619 πράττη,
1021 545 1240 602 οὐδέπω
1259 552 1381 619 τριά
1400 553 1490 620 ἔτη
1509 553 1679 605 ἐστίν·
1715 550 1822 619 πρὸ
1844 557 1946 606 τοῦ
1968 551 2026 607 δὲ

231 649 312 695 173
340 634 673 700 περιτρέχων
703 628 812 701 ὅπῃ
841 628 1056 699 τύχοιμι
1087 632 1178 685 καὶ
1207 631 1459 701 οἰόμενος
1486 634 1536 686 τὶ
1556 644 1732 687 ποιεῖν
1753 630 2026 688 ἀθλιώτε-

344 734 437 782 ρος
455 714 488 783 ἡ
512 709 779 780 ὁτουοῦν,
803 708 904 810 οὐχ
921 714 1088 782 ἡττον
1107 707 1142 782 ἢ
1163 711 1233 766 σὺ
1253 719 1409 782 νυνί,
1439 714 1691 784 οἰόμενος
1711 718 1827 769 δεῖν
1845 716 2026 770 πάντα

341 802 551 865 μᾶλλον
571 792 828 865 πράττειν
847 790 883 864 ἦ
906 800 1253 896 φιλοσοφεῖν.
1309 796 1399 851 καὶ
1419 794 1480 860 ὅς
1495 837 1510 866 ,
1530 794 1630 865 Μὴ
1652 795 1859 850 σκωπτ’
1865 801 2019 867 ,ἔφη,

341 875 464 933 ἀλλ’
497 880 615 932 εἰπέ
639 898 732 947 μοι
750 876 881 931 πότε
903 877 1115 945 ἐγένετο
1139 874 1170 947 ἡ
1194 884 1466 934 συνουσία
1484 877 1639 948 αὕτη.
1698 875 1849 947 κάγω
1872 876 2026 932 εἶπον

340 960 422 1016 ὅτι
442 958 709 1015 Παίδων
689 959 870 1015 όντων
889 958 1047 1029 ἡμων
1068 962 1171 1028 ε’,τι
1210 958 1301 1015 ὅτε
1320 965 1386 1031 τῇ
1407 959 1596 1031 πρώτῃ
1619 961 1940 1031 τραγωδία’
1914 965 2027 1014 ενί-

339 1059 508 1114 κησεν
525 1040 807 1146 Ἀγάθων,
846 1047 913 1111 τῇ
938 1039 1199 1113 ὑστεραίᾳ
1230 1034 1269 1112 ᾗ
1297 1039 1362 1095 τά
1393 1043 1630 1095 ἐπινίκια
1660 1044 1830 1095 ἔθυεν
1862 1038 2027 1103 αύτός

338 1147 395 1180 τε
426 1126 517 1180 καὶ
548 1128 603 1179 οι
627 1129 896 1194 χορευταί.
954 1123 1148 1190 Πάνυ,
1188 1127 1321 1193 ἔφη,
1360 1121 1467 1192 άρα
1497 1122 1690 1190 πάλαι,
1731 1143 1804 1186 ως
1833 1126 2022 1177 ἔοικεν.

339 1206 478 1293 ἀλλὰ
500 1214 579 1272 τίς
589 1224 688 1262 .σοι
707 1210 971 1276 διηγεῖτο;
991 1202 1025 1275 ἢ
1045 1203 1211 1269 αὐτὸς
1230 1204 1557 1274 Σωκράτης3
1582 1199 1668 1258 Οὐ
1687 1203 1760 1273 μὰ
1780 1204 1880 1258 τὸν
1893 1209 2023 1273 Δία,

278 1306 309 1346 Β
340 1284 412 1361 ἦν
433 1288 484 1345 δ’
510 1291 645 1359 ἐγώ,
667 1288 788 1345 ἀλλ
811 1288 982 1358 όσπερ
1005 1295 1250 1343 Φοίνικι
1286 1281 1725 1357 Ἀριστόδημος
1690 1308 1762 1356 ην
1779 1309 1883 1356 τις,
1903 1292 2013 1342 Kv-

342 1372 707 1442 δαθηναιεύς,
747 1371 1002 1442 σμικρός,
1042 1369 1389 1440 ἀνυπόδητος
1422 1368 1529 1425 ἀεί·
1569 1370 1935 1452 παραγεγόνει
1968 1370 2017 1423 6

342 1459 400 1510 ἑν
430 1462 496 1526 τῇ
528 1460 829 1526 συνουσιά,
861 1452 1199 1521 Σωκράτους
1228 1451 1457 1523 ἐραστὴς
1487 1449 1565 1508 τόν
1585 1455 1643 1508 ἐν
1664 1463 1776 1517 τοῖς
1795 1450 2026 1522 μάλιστα

341 1559 454 1592 των
473 1535 622 1606 τότε,
658 1534 728 1601 ὡς
748 1537 866 1606 ἐμοὶ
888 1533 1180 1590 δοκεῖ.οὐ
1199 1540 1384 1606 μέντοι
1404 1534 1541 1589 ἀλλα
1561 1536 1651 1590 καὶ
1672 1534 1943 1619 Σωκράτη
1965 1555 2026 1603 γε

342 1623 458 1674 ὲνια
478 1618 583 1690 ἤδη
605 1617 895 1690 ἀνηρόμην
915 1641 995 1673 ων
1015 1621 1229 1673 ἐκείνου
1249 1616 1465 1718 ἤκουσα
1480 1659 1494 1686 ,
1533 1622 1630 1670 καί
1645 1638 1737 1686 μοι
1757 1612 2025 1686 ὡμολόγει

340 1703 595 1772 καθάπερ
615 1704 824 1766 ἐκεῖνος
843 1705 1093 1771 διηγεῖτο.
1156 1706 1222 1755 Τί
1240 1703 1369 1769 οὐν,
1402 1703 1533 1769 ἔφη,
1558 1697 1625 1753 οὐ
1646 1698 1888 1799 διηγήσω
1909 1720 2025 1768 μοις

342 1785 562 1848 πάντως
594 1785 652 1840 δὲ
680 1782 712 1855 ἡ
748 1781 876 1848 ὁδὸς
905 1782 937 1853 ἡ
976 1788 1050 1847 εἰς
1071 1782 1210 1837 άστυ
1230 1784 1503 1852 ἐπιτηδεία
1524 1784 1917 1852 πορευομένοις
1936 1782 2026 1835 και

343 1868 523 1934 λέγειν
543 1868 635 1920 καὶ
654 1864 897 1920 ἀκούειν.
941 1865 1088 1920 οὕτω
1111 1863 1176 1934 δὴ
1203 1863 1377 1927 ἰόντες
1400 1862 1512 1934 ἅμα
1533 1864 1662 1929 τούς
1682 1864 1882 1933 λόγους
1901 1864 2026 1933 περὶ

282 1963 312 2004 c
343 1945 530 2001 αὐτῶν
562 1947 904 2017 ἐποιούμεθα
920 1989 935 2015 ,
978 1945 1117 2000 ὥστε
1131 1988 1144 2014 ,
1184 1945 1321 2012 ὅπερ
1358 1943 1662 2014 ἀρχόμενος
1699 1944 1882 2014 εἶπον,
1921 1943 2026 1999 οὐκ

343 2028 721 2099 ἀμελετήτως’
701 2033 819 2099 έχω.
876 2034 925 2084 εἰ
943 2050 1048 2083 ουν
1068 2033 1154 2082 δεῖ
1170 2027 1260 2081 καὶ
1282 2023 1413 2096 ὑμῖν
1434 2026 1832 2096 διηγήσασθαι,
1854 2033 2026 2080 ταῦτα

340 2108 439 2181 χρὴ
464 2121 654 2165 ποιεῖν.
690 2108 908 2180 καὶγὰρ
932 2115 1102 2180 ἔγωγε
1123 2110 1214 2165 καὶ
1234 2106 1481 2177 άλλως,
1460 2106 1595 2162 όταν
1615 2110 1717 2178 μέν
1735 2130 1886 2172 τινας
1905 2109 2028 2179 περι

342 2197 674 2262 φιλοσοφίας
695 2191 898 2262 λόγους
918 2186 954 2262 ἦ
974 2189 1141 2255 αὐτὸς
1160 2197 1400 2262 ποιῶμαι
1418 2187 1455 2261 ἦ
1476 2190 1662 2246 άλλων
1682 2188 1898 2260 ἀκούω,
1919 2211 2026 2260 χω-

344 2278 426 2340 ρις
449 2280 548 2330 τοῦ
569 2281 788 2329 οἴεσθαι
809 2271 1150 2344 ωφελεῖσθαι
1167 2271 1469 2345 ὑπερφυως
1490 2295 1562 2338 ως
1581 2277 1776 2343 χαίρω·
1815 2271 1950 2327 ὅταν
1970 2271 2028 2327 δὲ

342 2356 546 2418 ἄλλους
583 2355 737 2420 τινάς
751 2397 765 2425 ,
803 2355 984 2420 ἄλλως
1019 2377 1077 2410 τε
1115 2357 1206 2411 καὶ
1241 2355 1372 2419 τούς
1407 2353 1709 2426 ὑμετέρους
1747 2353 1878 2418 τούς
1915 2360 2028 2408 τῶν

343 2442 624 2492 πλουσίων
656 2439 746 2492 καὶ
774 2444 1236 2510 χρηματιστικων,
1278 2437 1445 2502 αὐτός
1475 2459 1532 2493 τε
1552 2437 1792 2508 ἄχθομαι
1812 2434 1954 2508 ὑμᾶς
1971 2457 2028 2490 τε

340 2540 470 2583 τους
491 2521 740 2587 εταίρους
757 2522 918 2588 ἐλεῶ,
953 2516 1038 2574 ὅτι
1057 2527 1246 2575 οἴεσθε
1267 2523 1317 2575 τὶ
1337 2531 1516 2576 ποιεῖν
1538 2518 1704 2576 ούδεν
1722 2525 2028 2581 ποιοῦντες

272 2625 305 2665 1)
340 2601 431 2656 καὶ
450 2608 582 2665 ἴσως
601 2622 673 2654 αυ
694 2598 847 2670 ὑμεῖς
866 2601 958 2671 ἐμε
975 2598 1205 2672 ἡγεῖσθε
1224 2605 1601 2672 κακοδαιμονα
1623 2600 1777 2668 εἷναι,
1799 2600 1890 2654 καὶ
1909 2606 2028 2655 οἰό-,

340 2705 437 2753 μαι
474 2680 618 2753 ὑμᾶς
655 2679 841 2752 ἀληθῆ
878 2690 1099 2738 οἴεσθαι
1114 2706 1125 2716 ·
1162 2683 1267 2754 ἐγώ
1306 2687 1493 2754 μέντοι
1529 2681 1671 2753 ὑμᾶς
1709 2679 1812 2736 οὐκ
1843 2687 2026 2749 οἴομαι

343 2763 466 2820 ἀλλ’
489 2758 554 2819 εὖ
573 2763 709 2820 οῖδα.

482 2851 677 2901 ΕΤΑΙ.
732 2843 838 2900 Ἀεὶ
859 2844 1049 2916 ὅμοιος
1069 2845 1132 2918 εἷ,
1155 2841 1199 2902 ὦ
1214 2845 1614 2913 Ἀπολλόδωρε·
1655 2839 1738 2897 ἀεὶ
1757 2843 1862 2911 γὰρ
1883 2858 2025 2896 ‹mv-

2005 3034 2028 3198 Ι
