2028 3198
679 130 830 179 ΦΙΛ
838 129 900 177 Η
903 130 947 178 Β
961 129 1076 178 ΟΣ.
1621 125 1721 177 121
1792 165 1794 168 ψ

181 270 307 322 ΣΩ.
363 264 472 320 Καὶ
500 262 614 335 μὴν
642 263 896 333 ἰατρικήν
923 280 990 316 τε
1010 261 1101 316 καὶ
1119 267 1393 332 γεωργίαν
1412 261 1505 317 καὶ
1521 264 1727 330 κυβερ-
1753 268 1786 310 Β

38 345 271 418 νητικὴν
290 347 382 403 καὶ
401 341 770 415 στρατηγικὴν
790 340 1052 407 ὡσαύτως
1073 340 1383 414 εὑρήσομεν
1401 341 1645 414 ἐχούσας.

177 432 349 483 ΠΡΩ.
405 428 515 481 Καὶ
535 424 684 480 πάνυ
702 446 782 495 γε.

179 516 306 567 ΣΩ.
368 509 705 580 Τεκτονικὴν
727 511 791 563 δέ
813 528 906 578 γε,
938 507 1113 578 οἶμαι,
1142 513 1417 573 πλείστοις
1436 511 1653 578 μέτροις
1670 529 1728 563 τε

40 596 130 649 καὶ
158 591 418 661 ὀργάνοις
437 593 754 662 χρωμένην,
797 588 832 644 ἃ
851 588 1064 661 πολλὴν
1094 587 1378 661 ἀκρίβειαν
1407 588 1549 662 αὐτῇ
1568 594 1728 660 πορί-

42 679 202 741 ζοντα
224 675 621 744 τεχνικωτέραν
640 678 753 727 τῶν
778 678 1002 727 πολλῶν
1021 675 1332 742 ἐπιστημῶν
1355 675 1656 741 παρέχεται.

183 760 352 812 ΙῙΡΩ.
407 759 500 825 Πῇ
517 777 532 819 ;

184 842 310 892 ΣΩ.
367 833 524 890 Kato?
552 855 610 889 τε
639 839 956 904 ναυπηγίαν
991 836 1081 890 καὶ
1118 833 1241 889 κατ’
1283 837 1606 903 οἰκοδομίαν
1639 833 1730 887 καὶ

43 924 104 976 ἐν
132 925 355 982 πολλοῖς
384 914 572 981 ἄλλοις
598 922 695 986 τῆς
732 922 1112 987 ξυλουργικῆς.
1153 915 1353 973 κανόνι
1387 917 1523 987 γάρ,
1563 912 1728 984 οἶμαι,

42 1002 134 1056 καὶ
154 1000 337 1070 τόρνῳ
366 1003 559 1068 χρῆται
591 998 684 1052 καὶ
714 997 945 1069 διαβήτῃ
966 999 1056 1052 καὶ
1076 996 1299 1070 στάθμῃ
1316 1004 1413 1054 καί
1427 1018 1535 1053 τινι
1554 1012 1729 1066 προσ·
1763 1006 1795 1047 C

44 1086 262 1152 αγωγίω
283 1082 727 1151 κεκομψευμένῳ.

183 1166 355 1216 ΠΡΩ.
410 1160 519 1214 Καὶ
538 1158 689 1214 πάνυ
707 1180 795 1229 γε,
818 1154 863 1214 ῶ
884 1160 1206 1231 Σώκρατες,
1228 1158 1416 1231 ὀρθῶς
1440 1163 1627 1232 λέγεις.

188 1247 313 1298 ΣΩ.
372 1247 570 1310 Θῶμεν
595 1246 789 1295 τοίνυν
812 1244 936 1312 διχῇ
954 1239 1050 1307 τὰς
1079 1246 1376 1313 λεγομένας
1397 1247 1614 1313 τέχνας,
1636 1239 1731 1304 τὰς

45 1327 146 1395 μὲν
176 1327 415 1395 μουσικῇ
449 1324 823 1393 ξυνεπομένας
843 1324 905 1377 έν
932 1334 1045 1388 τοῖς
1065 1329 1245 1394 ἔργοις
1263 1324 1553 1389 ἐλάττονος
1572 1321 1731 1393 ἀκρι-

45 1413 195 1478 βείας
213 1404 596 1477 μετισχούσας,
617 1402 714 1470 τὰς
734 1404 792 1460 δὲ
812 1412 1099 1477 τεκτονικῇ
1118 1412 1384 1471 πλείονος.

184 1493 355 1543 ΠΡΩ.
414 1491 654 1541 Κείσθω.

188 1574 312 1626 ΣΩ.
376 1567 605 1623 Τούτων
635 1569 694 1624 δὲ
723 1569 926 1633 ταύτας
950 1567 1341 1640 ἄκριβεστάτας
1361 1565 1500 1623 εἶναι
1524 1569 1730 1636 τέχνας,

47 1651 112 1718 ἃς
131 1658 239 1708 νῦν
258 1649 325 1722 δὴ
344 1650 564 1720 πρώτας
585 1658 825 1722 εἴπομεν.

187 1738 360 1788 ΠΡΩ.
408 1730 806 1804 ’Λρυθμητικὴν
821 1740 1005 1803 φαίνει
1024 1754 1118 1804 μοι
1138 1734 1318 1802 λέγειν
1338 1734 1428 1787 καὶ
1446 1730 1579 1796 ὅσας
1598 1729 1727 1802 μετὰ

48 1817 247 1885 ταύτης
265 1817 455 1883 τέχνας
473 1814 729 1883 ἐφθέγξω
751 1819 860 1868 νῦν
884 1813 967 1884 δή.

191 1899 316 1951 ΣΩ.
373 1893 541 1949 Πάνυ
560 1895 663 1964 μὲν
681 1887 802 1949 οὖν.
825 1892 968 1965 ἀλλ’,
993 1889 1039 1950 03
1060 1894 1361 1965 Πρώταρχε
1377 1936 1391 1965 ,
1413 1886 1506 1965 ἆρ’
1529 1890 1599 1949 οὐ
1619 1896 1733 1949 ὃιτ-
1762 1899 1800 1940 D

2 2038 8 2042 ,
47 1976 142 2042 τὰς
161 1968 235 2030 αὖ
253 1975 344 2031 καὶ
362 1974 566 2040 ταύτας
589 1980 835 2043 λεκτέον;
857 1973 893 2047 ἢ
914 1983 1057 2044 πῶς;

184 2061 356 2112 ΠΡΩ.
413 2061 588 2122 Ποίας
608 2055 674 2128 δὴ
696 2059 897 2127 λέγεις;

189 2143 313 2194 ΣΩ.
363 2135 761 2210 Ἀρυθμητικὴν
789 2147 1011 2209 πρῶτον
1039 2134 1129 2209 ἆρ’
1166 2137 1269 2194 οὐκ
1298 2138 1473 2209 ἄλλην
1491 2139 1591 2209 μέν
1610 2159 1733 2193 τινα

50 2218 151 2290 τὴν
178 2225 290 2274 τῶν
323 2226 548 2275 πολλῶν
578 2222 813 2290 φατέον,
852 2220 1028 2291 ἄλλην
1055 2219 1107 2275 δ’
1143 2215 1217 2275 αὖ
1247 2218 1350 2290 τὴν
1367 2226 1479 2275 τῶν
1501 2226 1734 2291 φιλοσο-

49 2302 342 2372 φούντωνς

190 2387 360 2437 ΠΡΩ.
417 2388 510 2456 Πῇ
531 2387 660 2440 ποτὲ
686 2384 1071 2455 διορισάμενος
1091 2377 1199 2439 οὖν
1218 2382 1410 2454 ἄλλην,
1430 2380 1535 2454 τὴν
1554 2381 1613 2438 δὲ
1631 2379 1733 2438 ἅλ-

52 2473 152 2537 λην
170 2469 297 2534 θείη
321 2485 399 2528 τις
417 2459 491 2520 ἂν
508 2463 910 2538 ἆροθμητικήνς

0 2604 14 2628 3
190 2550 314 2601 ΣΩ.
373 2543 459 2601 Οὐ
481 2545 711 2616 σμικρὸς
730 2545 876 2616 ὅρος,
900 2541 945 2602 ὦ
966 2546 1282 2618 Πρώταρχε.
1306 2549 1361 2602 οἰ
1376 2546 1478 2619 μὲν
1497 2546 1604 2616 γάρ
1624 2565 1734 2601 που

0 2661 31 2680 ›.
50 2626 295 2698 μονάδας
314 2624 540 2691 ἀνίσους
558 2634 1033 2698 καταριθμοῦνται
1050 2634 1164 2684 τῶν
1183 2631 1307 2698 περὶ
1327 2626 1591 2699 ἀριθμόν,
1615 2622 1733 2682 οἷον

3 2707 392 2774 ’σστρατόπεδα
424 2707 524 2762 δύο
555 2709 645 2763 καὶ
675 2713 811 2778 βοῦς
837 2708 940 2764 δύο
970 2711 1061 2765 καὶ
1090 2709 1192 2765 δύο
1230 2708 1297 2765 τὰ
1329 2707 1666 2780 σμικρότατα
1694 2702 1731 2778 ἢ
1762 2718 1798 2760 Ε

0 2777 140 2845 §aaz
169 2787 234 2843 τὰ
266 2789 490 2844 πάντων
520 2793 769 2859 μέγιστα·
811 2792 866 2845 οἱ
885 2788 939 2845 δ’
971 2789 1074 2846 οὐκ
1102 2790 1173 2846 ἄν
1204 2810 1334 2846 ποτε
1373 2789 1559 2855 αὐτοῖς
1597 2807 1735 2844 συν-

5 2853 30 2916 3.

11 3108 42 3198 ἰ
