2028 3198
311 137 415 190 336
650 141 1191 188 ΑΛΚΙΒΙΑΔΗΣ
1222 143 1669 192 ΔΕΥΤΕΡΟΣ.
1934 154 1992 198 66

312 274 427 326 δεῖν
452 277 674 340 πρῶτον
700 266 844 341 ἡμᾶς
875 274 1075 326 εἰδέναι
1104 268 1140 342 ἢ
1171 280 1250 347 τῷ
1286 271 1406 330 ὅντι
1437 278 1640 331 εἰδέναι
1665 274 1827 334 τοῦθ’
1861 273 1893 334 ὃ
1921 274 1991 336 ἄν

248 366 280 406 Ε
312 356 740 422 προχειροτέρως
759 355 1044 424 μέλλωμεν
1062 350 1099 424 ἢ
1118 356 1298 425 λέγειν
1318 352 1355 427 ἦ
1374 357 1664 427 πράττειν;

447 442 569 494 ΑΛ.
603 434 827 506 ’Έμοιγε
854 441 1017 493 δοκεῖ.

450 522 575 573 ΣΩ.
633 515 862 573 Οὐκοῦν
891 522 948 573 οἱ
975 519 1202 590 ῥήτορες
1230 518 1424 576 αὐτίκα
1458 521 1580 594 ἤτοι
1617 524 1819 589 εἰδότες
1856 527 1992 596 ξυμ·-

309 600 605 671 βουλεύειν
635 596 670 670 ἢ
693 603 973 671 οἰηθέντες
994 606 1198 657 εἰδέναι
1221 604 1697 674 ξυμβουλεύουσιν
1715 605 1845 678 ἡμῖν
1863 609 1994 664 ἑκά-

311 699 494 751 στοτε,
529 685 585 736 οἱ
602 681 702 752 μὲν
721 684 844 751 περὶ
864 685 1108 753 πολέμου
1127 705 1184 738 τε
1206 686 1294 739 καὶ
1318 685 1562 756 εἰρήνης,
1595 691 1651 742 οἰ
1666 686 1725 742 δὲ
1743 691 1866 759 περὶ
1885 712 1994 745 τει-

310 769 426 834 χῶν
445 767 761 834 οἰκοδομίας
778 760 813 835 ἢ
833 768 1075 835 λιμένων
1095 773 1462 837 κατασκευῆς·
1495 769 1575 824 ἑνὶ
1595 768 1652 824 δὲ
1673 769 1820 843 λόγῳ
1834 812 1848 840 ,
1889 770 1994 828 ὅσα

199 849 281 896 145
316 844 383 915 δή
414 866 545 901 ποτε
575 843 609 917 ἡ
634 846 799 910 πόλις
827 847 1051 917 πράττει
1078 848 1214 918 πρὸς
1238 847 1413 919 ἄλλην
1442 848 1605 905 πόλιν
1633 847 1669 920 ἢ
1699 849 1834 922 αὐτὴ
1857 851 1991 908 καθ’

312 924 451 998 αὐτή
458 949 504 997 ν,
528 925 635 982 ἀπὸ
658 933 750 998 τῆς
767 935 878 983 τῶν
898 928 1148 999 ρητόρων
1169 933 1482 1002 ξυμβουλῆς
1501 930 1716 987 ἅπαντα
1735 938 1988 1003 γίγνεται.

452 1014 571 1065 ΑΛ.
625 1007 834 1080 Ἀληθῆ
852 1012 1039 1080 λέγεις.

454 1097 577 1147 Σῼ.
623 1090 760 1160 Όρα
780 1098 971 1147 τοίνυν
989 1094 1079 1148 καὶ
1094 1092 1160 1148 τὰ
1178 1096 1262 1149 ἐπὶ
1280 1094 1511 1162 τούτοις,
1535 1090 1607 1150 ἂν
1625 1099 1871 1165 δυνηθῶ.
1892 1120 1993 1153 κα-

313 1181 420 1238 λεῖς
438 1171 544 1242 γὰρ
565 1172 746 1242 δήπου
769 1178 1077 1242 φρονίμους
1096 1195 1154 1228 τε
1174 1176 1263 1229 καὶ
1286 1174 1564 1245 α’φρονας·
1551 1216 1566 1242 ,

451 1260 567 1309 AA.
607 1252 833 1323 ''Eymya

454 1340 578 1392 Σῼ.
637 1333 866 1391 Οὔκουν
902 1335 1034 1402 τούς
1064 1360 1163 1408 μεν
1192 1334 1433 1402 πολλοὺς
1470 1337 1744 1408 α’φρονας,
1783 1338 1913 1405 τοὺς
1937 1338 1986 1395 δ’

313 1419 533 1489 ὀλίγους
553 1423 887 1489 φρονίμους;

453 1507 571 1555 ΑΛ.
623 1499 829 1565 Οὕτως.

452 1587 576 1638 ΣΩ.
639 1579 868 1638 Οὐκοῦν
888 1582 1024 1652 πρός
1043 1604 1094 1637 τι
1114 1581 1445 1654 ἀποβλέπων
1465 1580 1834 1653 ἀμφοτέρους;

452 1670 572 1721 ΑΛ.
627 1670 754 1720 Ναί.

249 1759 280 1798 Β
454 1752 578 1802 ΣΩ.
625 1741 744 1816 Ἆρ’
767 1740 871 1802 οὖν
888 1744 989 1802 τὸν
1012 1753 1231 1803 τοιοῦτο
1252 1746 1648 1818 ξυμβουλεύειν
1667 1745 1866 1817 εἰδότα,
1886 1767 1994 1817 χω-

314 1828 396 1896 ρὶς
414 1834 514 1883 τοῦ
535 1827 772 1896 πότερον
787 1830 1007 1898 βέλτιον
1022 1831 1111 1883 καὶ
1131 1827 1221 1884 ὅτε
1235 1830 1470 1900 βέλτιον,
1489 1827 1768 1900 φρόνιμον
1783 1835 1990 1892 naz-5333

455 1915 573 1966 AA.
628 1908 713 1964 Οὐ
738 1913 887 1979 δῆτα.

454 1995 578 2046 ΣιΩι.
639 1988 792 2046 Ούδέ
816 2012 904 2060 γε,
944 1989 1119 2060 οἶμαι,
1160 1989 1308 2054 ὅστις
1334 1987 1394 2044 τὸ
1426 1997 1682 2059 πολεμεῖν
1713 1988 1846 2045 αὐτὸ
1879 1988 1991 2045 οἶδε

312 2074 475 2145 χωρὶς
502 2079 603 2127 τοῦ
633 2069 797 2127 ὁπότε
829 2074 1047 2143 βέλτιον
1075 2074 1164 2127 καὶ
1190 2078 1458 2127 τοσοῦτον
1485 2071 1690 2142 χρόνον
1711 2068 1846 2126 ὅσον
1863 2074 1990 2142 βέλ-

314 2177 448 2211 τιον.
469 2149 506 2225 ἦ
525 2153 658 2224 γάρς

453 2242 572 2292 ΑΛ.
626 2241 753 2292 Ναί.

455 2323 579 2374 Σῼ.
640 2316 867 2373 Οὐκοῦν
905 2315 1034 2372 οὐδὲ
1071 2323 1125 2372 εἴ
1155 2320 1234 2380 τίς
1263 2338 1386 2371 τινα
1417 2313 1815 2371 ἀποκτιννύναι
1844 2313 1992 2371 οἶδεν

316 2396 445 2454 οὐδὲ
465 2398 714 2469 χρήματα
746 2396 1107 2468 ἀφαιρεῖσθαι
1139 2398 1229 2452 καὶ
1249 2396 1473 2467 φυγάδα
1492 2408 1669 2452 ποιεῖν
1686 2401 1782 2468 τῆς
1799 2401 1993 2466 πατρί-

316 2483 425 2549 δος,
444 2482 606 2550 χωρὶς
625 2486 723 2535 τοῦ
742 2477 907 2536 ὁπότε
925 2483 1144 2552 βέλτιον
1163 2481 1253 2536 καὶ
1273 2479 1464 2535 ὅντινα
1481 2481 1725 2550 βέλτιονς

453 2566 570 2614 ΑΛ.
630 2559 715 2616 Οὐ
735 2564 935 2631 μέντοι

171 2705 174 2709 Α
253 2653 285 2695 C
457 2646 581 2696 ΣΩ.
626 2639 849 2706 Ὅστις’
825 2643 931 2713 α’ρα
947 2665 998 2698 τι
1017 2643 1410 2698 τῶντοιούτων
1426 2642 1640 2714 οἷδεν,’
1613 2642 1711 2698 εὰν
1728 2641 1830 2713 μὲν
1847 2660 1991 2710 παρ-

315 2725 504 2793 ε’πηται
534 2720 686 2776 αὐτῶ
715 2719 748 2793 ἡ
778 2729 880 2777 τοῦ
907 2728 1191 2826 βελτίστου
1222 2725 1486 2795 ἐπιστήμη
1519 2757 1578 2765 -
1612 2721 1748 2791 αὕτη
1782 2718 1832 2776 δ’
1865 2717 1987 2791 ἠνὴ

314 2801 452 2874 αυτὴ
475 2803 542 2875 δη
548 2823 655 2859 που
672 2800 813 2875 ἥπερ
835 2806 922 2859 καὶ
943 2802 975 2876 ἡ
997 2811 1097 2860 τοῦ
1119 2803 1424 2878 ωφελίμου·
1445 2801 1483 2877 ἦ
1499 2806 1632 2875 γάρ·
1618 2845 1633 2871 ,
