2028 3198
234 443 270 483 D

296 133 401 185 376
965 136 1122 184 ΘΕΑ
1135 138 1244 184 ΓΗ
1251 139 1308 184 Σ.
1393 128 1396 132 ’
1723 204 1728 207 ⁴
1900 150 1983 193 lot,

299 290 466 339 μενος
496 268 671 338 σοφὸς
701 271 928 324 ἔσεσθαι
957 276 1156 339 ταῦτα,
1197 269 1338 341 ἅπερ
1375 266 1558 342 οὗτοι,
1597 272 1708 329 ἀλλ’
1734 273 1838 330 οὐκ
1879 274 1982 329 αὐ-

299 362 412 415 τοῖς
433 351 675 418 τούτοις;

445 441 555 491 ΘΕ.
609 432 844 506 Ἀκήκοα
864 435 1001 506 γάρ,
1026 429 1069 490 ὦ
1089 435 1411 507 Σώκρατες,
1446 437 1544 504 οὕς
1565 442 1630 496 σε’
1648 457 1782 510 φασι
1804 442 1982 511 λέγειν

302 516 433 583 τούς
452 518 682 588 λόγους,
723 516 809 572 ὅτι
835 518 1052 573 τούτων
1071 523 1186 573 τῶν
1215 526 1514 576 πολιτικῶν
1533 520 1758 593 ἀνδρῶν
1778 528 1835 578 οί
1851 527 1984 588 υίεῖς

303 597 470 656 οὐδὲν
497 605 748 671 βελτίους
781 602 919 656 εἰσὶν
948 597 982 672 ἢ
1010 605 1066 656 οἱ
1091 623 1204 656 των
1234 602 1617 674 σκυτοτόμων·
1656 611 1752 662 καί
1774 628 1866 677 μοι
1889 611 1984 662 δο-

302 694 415 746 κεῖς
454 679 802 753 ἀληθέστατα
842 686 1021 754 λέγειν
1055 687 1109 750 ἐξ
1146 706 1228 738 ων
1258 683 1364 755 ἐγώ
1396 685 1635 757 δυ’ναιιαι
1667 690 1983 743 αἰσθέσθαι.

305 763 538 836 ἀνόητος
559 761 630 819 ἂν
650 769 754 820 οὐν
775 774 918 838 εἴην,
963 772 1012 823 εἰ
1039 772 1255 837 οἰοίμην
1278 764 1396 822 τινὰ
1419 767 1634 823 τούτων
1651 771 1798 841 ἐμοὶ
1792 770 1889 825 ιιὲν
1909 793 1981 825 αν

304 852 655 917 παραδοῦναι
689 849 792 919 τὴν
829 847 1006 904 αὑτοῦ
1046 854 1281 919 σοφίαν,
1322 848 1422 904 τὸν
1451 849 1509 906 δὲ
1540 849 1667 906 υἱὸν
1695 852 1791 907 τὸν
1811 851 1985 908 αὑτοῦ

304 930 476 1000 μηδὲν
498 927 778 1000 ὠφελῆσαι
792 972 806 999 ,
830 939 883 986 εἴ
895 954 944 986 τι
964 927 1079 996 οἷός
1097 929 1146 986 τ’
1169 926 1243 1003 ἦν
1262 937 1338 996 εἰς
1361 939 1532 988 ταῦτα
1554 932 1789 1003 ὠφελεῖν
1809 934 1976 990 ἄλλον

305 1009 606 1067 ὁντιναοῦν
623 1010 962 1081 ἀνθρώπων.

448 1101 576 1151 VIII.
654 1101 778 1150 ΣΩ.
842 1102 911 1150 Τί
925 1090 1029 1152 οὖν
1050 1096 1139 1168 ἄν,
1165 1091 1208 1152 ὦ
1228 1099 1468 1169 βέλτιστε
1491 1098 1731 1170 ἀνδρῶν,
1754 1099 1981 1170 χρήσαιο

307 1184 509 1251 σαυτῷ,
534 1186 585 1234 εἴ
600 1194 687 1233 σοι
708 1178 891 1249 ἐπειδὴ
914 1181 1127 1249 γένοιτο
1144 1181 1262 1245 υίὸς
1281 1189 1506 1236 τοιαῦτα
1527 1181 1817 1251 πράγματα
1838 1202 1982 1251 παρ-

241 1273 279 1314 Ε
309 1264 449 1332 έχοι,
489 1262 579 1316 καὶ
618 1267 753 1332 φαίη
785 1261 886 1332 μὲν
918 1258 990 1317 ἄν
1020 1265 1314 1334 ἐπιθυμεῖν
1342 1262 1554 1334 ἀγαθὸς
1583 1267 1845 1335 γενέσθαι
1883 1269 1986 1331 ζω-

199 2017 281 2063 127

223 2844 255 2883 Β

307 1343 548 1415 γράφος,
572 1346 661 1400 καὶ
681 1347 950 1415 μέμφοιτο
972 1349 1057 1400 σοὶ
1082 1352 1156 1417 τῷ
1179 1351 1369 1416 πατρί,
1393 1345 1475 1401 ὅτι
1496 1345 1598 1402 οὐκ
1620 1348 1826 1410 ἐθέλεις
1847 1345 1984 1402 ἄνα-

309 1431 518 1481 λίσκειν
541 1431 615 1491 εἰς
634 1425 806 1482 αὐτὸν
826 1429 1042 1483 τούτων
1063 1427 1250 1483 αὐτῶν
1270 1430 1430 1484 ἕνεκα
1450 1426 1738 1499 ἀργύριον,
1778 1427 1906 1493 τοὺς
1928 1429 1984 1484 δὲ

313 1507 685 1579 δημιουργοὺς
704 1507 877 1564 αὐτοῦ
899 1512 1129 1580 τούτου,
1153 1510 1282 1575 τοὺς
1302 1511 1641 1581 ζωγράφους,
1665 1510 1908 1582 ἀτιμάζοι
1927 1533 1983 1566 τε

311 1594 398 1647 καὶ
421 1590 494 1662 μὴ
514 1591 772 1662 βούλοιτο
796 1590 915 1662 παρ’
941 1592 1128 1648 αὐτῶν
1148 1594 1487 1663 μανθάνειν;
1526 1589 1560 1663 ἦ
1578 1592 1708 1659 τούς
1729 1591 1985 1663 αὐλητάς,

309 1675 650 1746 βουλόμενος
670 1673 908 1746 αὐλητὴς
928 1681 1219 1746 γενέσθαι,
1259 1671 1295 1746 ἢ
1314 1675 1444 1740 τοὺς
1465 1675 1818 1746 κιθαριστάς,
1848 1680 1987 1746 ἔχοις

311 1753 385 1812 ἄν
406 1755 557 1830 αὐτῷ
588 1755 620 1812 ὅ
648 1779 697 1811 τι
727 1763 877 1828 χρῷο
899 1759 987 1811 καὶ
1012 1755 1138 1812 ὅποι
1159 1761 1390 1828 πέμποις
1409 1757 1607 1814 ἄλλοσε
1628 1757 1699 1829 μὴ
1723 1761 1986 1814 ἐθέλοντα

308 1839 456 1908 παρὰ
476 1839 691 1894 τούτων
712 1840 1047 1909 μανθάνειν;

451 1927 560 1976 ΘΕ.
615 1919 717 1974 Μὰ
738 1919 833 1974 Δί’
855 1919 958 1975 οὐκ
979 1926 1162 1992 ἔγωγε,

452 2009 576 2060 ΣΩ.
634 2008 763 2058 Νῦν
784 1997 889 2057 οὖν
918 2002 1088 2058 ταύτὰ
1121 2012 1292 2059 ταῦτα
1313 2003 1480 2068 αὐτὸς
1508 2005 1645 2075 πρὸς
1664 2005 1762 2060 τὸν
1782 2009 1985 2076 πατέρα

312 2094 490 2143 ποιῶν
509 2085 812 2157 θαυμάζεις
835 2087 924 2141 καὶ
944 2087 1140 2156 με’μφει
1156 2129 1170 2155 ,
1193 2091 1243 2141 εἰ
1259 2084 1479 2155 ἀπορεῖ,
1502 2085 1535 2140 ὅ
1553 2093 1607 2141 τί
1625 2103 1711 2141 σοι
1726 2088 1987 2158 χρήσηται

309 2174 396 2226 καὶ
422 2170 549 2225 ὅποι
569 2172 782 2241 πέμπῃς
822 2171 936 2224 ἐπεὶ
949 2167 1263 2239 Ἀθηναίων
1285 2190 1345 2238 γε
1366 2175 1479 2223 τῶν
1509 2175 1695 2223 καλῶν
1717 2167 1950 2238 κάγαθοῖ
1958 2193 1985 2223 ν

309 2253 375 2309 τὰ
399 2250 651 2308 πολιτικὰ
675 2251 783 2324 ὅτῳ
804 2248 876 2307 ὅίν
893 2252 1070 2322 βούλῃ
1095 2252 1439 2322 συστήσομεν
1471 2267 1558 2321 σε,
1598 2250 1659 2316 ὅς
1680 2269 1766 2306 σοι
1787 2264 1986 2319 προῖκα

310 2340 568 2393 συνέσται
584 2356 594 2366 ·
632 2337 722 2390 καὶ
744 2334 855 2405 ἅμα
876 2334 977 2405 μὲν
997 2333 1269 2404 ἀργύριον
1290 2333 1392 2390 οὐκ
1424 2332 1751 2404 οέναλιόσεις,
1792 2334 1904 2405 ἅμα
1927 2337 1984 2391 δὲ

309 2419 454 2472 πολὺ
475 2423 687 2487 μᾶλλον
706 2415 1087 2487 εὐδοκιμήσεις
1107 2415 1254 2484 παρὰ
1277 2428 1388 2481 τοῖς
1419 2423 1641 2481 πολλοῖς
1667 2415 1988 2487 ἀνθρώποις

308 2498 343 2571 ἢ
364 2499 512 2572 ἄλλῳ
532 2521 607 2572 τῳ
630 2498 834 2553 συνών.

453 2589 564 2637 ΘΕ.
627 2586 695 2636 Τί
729 2576 860 2651 οὖν,
903 2575 946 2636 ὦ
967 2582 1289 2651 Σώκρατες;
1330 2578 1397 2635 οὐ
1434 2582 1523 2636 καὶ
1563 2578 1633 2635 σὺ
1663 2586 1774 2634 τῶν
1805 2586 1987 2634 καλῶν

309 2661 579 2734 κάγαθῶν
600 2660 649 2717 εἴ
667 2660 917 2732 ἀνδρῶν;
939 2668 990 2718 εἰ
1004 2663 1111 2733 γὰρ
1127 2663 1196 2717 σύ
1218 2684 1308 2732 μοι
1322 2664 1533 2727 ἐθέλοις
1547 2672 1811 2731 συνεῖναι,
1831 2664 1986 2730 ἐξαρ-

310 2757 399 2801 κεῖ
411 2747 499 2800 καὶ
521 2742 722 2800 οὐδένα
743 2743 912 2799 ἄλλον
933 2750 1084 2814 ζητῶ.

453 2832 577 2882 ΣΩ.
640 2832 884 2883 Τίτοῦτο
906 2829 1104 2896 λέγεις,
1128 2833 1358 2896 Θέαγεςς
