2028 3198
0 0 623 80 W-X-Q‘Jssw
702 0 830 55 erga-z.
846 6 878 18 *2
952 11 954 13 >

73 197 131 244 ει
269 150 274 153 ’
726 181 1113 231 ΦΑιΔΡοΣ.
1655 171 1761 225 219

77 321 199 393 οὐχὶ
217 318 303 378 ἐπ’
327 324 559 392 ἔσχατον
575 320 764 374 ἐλθεῖν
782 313 1003 386 ἀηδίας;
1023 311 1227 383 ὁρῶντι
1244 313 1344 383 μὲν
1365 310 1498 378 ὄψιν
1517 317 1764 384 πρεσβυ-

78 406 247 472 τέραν
272 403 365 459 καὶ
394 399 500 457 οὐκ
525 403 589 457 ἑν
619 396 767 470 ὥρᾳ,
804 397 1091 466 ἑπομένων
1128 394 1187 450 δὲ
1214 401 1329 451 τῶν
1358 393 1546 452 ἄλλων
1572 394 1762 468 ταύτῃ,

79 483 116 541 ἃ
132 486 225 541 καὶ
242 484 393 557 λόγῳ
410 484 558 539 ἐστὶν
574 478 806 537 ἀκούειν
824 477 930 535 οὐκ
956 480 1264 548 ἐπιτερπές,
1305 476 1376 549 μὴ
1409 476 1493 533 ὅτι
1521 475 1589 549 δὴ
1621 482 1765 552 ἔργῳ
1782 486 1832 528 ‘E

81 565 325 637 ἀνάγκης
337 561 422 620 ἀεὶ
434 564 833 634 προσκειμένης
844 563 1311 632 μεταχειρίζεσθαι
1324 581 1334 592 ·
1357 560 1611 630 φυλακάς
1622 581 1680 615 τε
1699 556 1767 631 δὴ

81 646 505 720 καχυποτόπους
523 645 919 716 φυλαττομένῳ
951 640 1041 696 διὰ
1073 638 1278 706 παντὸς
1306 642 1397 697 καὶ
1422 641 1562 711 πρὸς
1589 641 1771 698 ἅπαν-

84 753 208 802 τας,
246 728 513 798 ἀκαίρους
540 749 598 782 τε
627 727 718 781 καὶ
734 727 996 790 ἐπαίνους
1012 725 1104 779 καὶ
1122 720 1575 794 ὑπερβάλλοντας
1594 722 1770 780 ἀκού-

86 835 222 883 οντι,
244 809 318 877 ὡς
338 809 389 866 δ’
414 808 596 874 αὕτως
613 808 825 879 ψόγους
844 808 1124 878 νήφοντος
1142 805 1243 875 μὲν
1263 803 1367 860 οὐκ
1387 803 1670 877 ἀνεκτούς,
1696 812 1771 872 εἰς

86 898 144 951 δὲ
166 898 347 966 μέθην
377 893 559 957 ἰόντος
588 890 727 960 πρὸς
754 897 833 963 τῷ
849 887 922 960 μὴ
947 886 1159 962 ἀνεκτῷ
1190 886 1279 944 ἐπ’
1299 895 1472 959 αἴσχει
1491 896 1767 962 παρρησίᾳ

85 987 380 1043 κατακορεῑ
394 975 485 1030 καὶ
503 973 927 1044 ἀναπεπταμένῃ
946 976 1247 1043 χρωμένου.

226 1063 408 1114 XVIII.
481 1056 589 1111 Καὶ
619 1056 763 1125 ἐρῶν
791 1054 892 1125 μὲν
909 1053 1180 1126 βλαβερός
1200 1075 1258 1109 τε
1277 1055 1368 1109 καὶ
1386 1051 1585 1126 ἀηδής,
1607 1054 1770 1125 λήξας

90 1140 149 1196 δὲ
166 1145 269 1196 τοῦ
286 1143 487 1209 ἔρωτος
505 1142 579 1202 εἰς
596 1135 697 1193 τὸν
715 1142 898 1193 ἔπειτα
916 1137 1122 1208 χρόνον
1141 1136 1367 1202 ἄπιστος
1379 1179 1394 1207 ,
1415 1142 1491 1202 εἰς
1509 1133 1577 1193 ὃν
1596 1135 1772 1193 πολλοὶ

97 1223 184 1287 καὶ
215 1218 347 1291 μετὰ
383 1224 607 1275 πολλῶν
635 1218 822 1287 ὅρκων
849 1240 907 1274 τε
933 1219 1025 1274 καὶ
1057 1218 1300 1289 δεήσεων
1335 1215 1776 1290 ὑπισχνούμενος

93 1303 253 1372 μόγις
270 1311 478 1370 κατεῖχε
507 1298 610 1371 τὴν
639 1302 701 1356 έν
727 1306 806 1373 τῷ
833 1299 955 1355 τότε
975 1304 1276 1365 ξυνουσίαν
1293 1301 1561 1356 ἐπίπονον
1583 1303 1776 1372 φέρειν
1802 1308 1889 1354 241

94 1381 168 1440 δι’
194 1386 383 1439 ἐλπίδα
409 1381 658 1453 ἀγαθῶν.
680 1383 801 1438 τότε
820 1381 888 1452 δὴ
911 1384 1039 1438 δέον
1057 1384 1306 1453 ἐκτίνειν,
1328 1383 1654 1455 μεταβαλών
1672 1382 1776 1439 άλ-

95 1473 197 1522 λον
224 1464 463 1536 ἄρχοντα
492 1466 553 1520 έν
582 1462 734 1538 αὐτῷ
765 1466 856 1520 καὶ
885 1464 1226 1535 προστάτην,
1265 1469 1407 1520 νοῦν
1426 1467 1518 1520 καὶ
1547 1482 1777 1536 σωφρο-

98 1547 276 1618 σύνην
304 1544 424 1602 ἀντ’
451 1551 653 1615 ἔρωτος
672 1548 761 1602 καὶ
781 1551 1002 1617 μανίας,
1042 1545 1207 1611 ἄλλος
1226 1545 1468 1616 γεγονώς
1490 1551 1689 1618 λέληθε
1706 1544 1775 1602 τά

98 1629 339 1684 παιδικά.
380 1630 471 1683 καὶ
501 1626 530 1684 ὁ
563 1628 664 1699 μὲν
692 1627 863 1683 αὐτὸν
890 1629 1052 1700 χάριν
1081 1626 1301 1684 ἀπαιτεῖ
1321 1635 1434 1686 τῶν
1451 1628 1599 1699 τότε,
1638 1625 1782 1684 ὑπο-

99 1710 425 1782 μιμνήσκων
442 1708 509 1765 τά
530 1712 847 1780 πραχθέντα
866 1712 957 1766 καὶ
976 1714 1269 1782 λεχθέντα,
1303 1706 1375 1776 ὥς
1393 1716 1468 1782 τῷ
1489 1708 1637 1784 αὐτῶ
1661 1713 1783 1765 δια-

100 1790 421 1862 λεγόμενος·
451 1789 481 1846 ὁ
505 1795 563 1848 δὲ
584 1790 681 1846 ὑπ’
703 1793 964 1864 αἰσχύνης
984 1791 1112 1869 οὔτε
1132 1797 1302 1848 εἰπεῖν
1319 1798 1494 1866 τολμᾷ
1511 1790 1596 1848 ὅτι
1617 1790 1783 1854 ἄλλος

99 1876 357 1945 γέγονεν,
398 1871 532 1928 οὔθ’
565 1872 715 1939 ὅπως
742 1873 808 1929 τὰ
829 1880 926 1945 τῆς
945 1878 1211 1943 προτέρας
1231 1871 1473 1945 ἀνοήτου
1497 1872 1664 1944 ἀρχῆς
1685 1870 1785 1942 ὁρ-

101 1954 350 2027 κωμόσιά
367 1977 426 2011 τε
445 1959 534 2011 καὶ
552 1953 873 2027 ὑποσχέσεις
887 1956 1188 2027 έμπεδώσει
1202 1960 1325 2027 ἔχει,
1345 1962 1487 2013 νοῦν
1504 1954 1608 2027 ἤδη
1627 1958 1785 2027 έσχη-
1813 1970 1845 2011 Β

99 2035 212 2103 κῶς
238 2038 331 2093 καὶ
358 2036 827 2109 σεσωφρονηκώς,
861 2041 955 2093 ἵνα
983 2040 1055 2109 μὴ
1077 2039 1335 2109 πράττων
1353 2035 1526 2093 ταῦτὰ
1545 2044 1623 2111 τῷ
1643 2035 1785 2106 πρό-

14 2167 20 2174 .
103 2126 244 2174 σθεν
272 2117 461 2190 ὅμοιός
482 2141 537 2174 τε
561 2121 751 2192 ἐκείνῳ
772 2121 863 2175 καὶ
891 2118 920 2175 ὁ
942 2117 1108 2186 αὐτὸς
1134 2120 1305 2176 πάλιν
1323 2122 1561 2190 γένηται.
1602 2115 1786 2189 φυγὰς

107 2198 172 2270 δὴ
201 2203 445 2270 γύγνεται
475 2202 535 2256 έκ
565 2201 809 2272 τούτων,
847 2202 938 2257 καὶ
967 2199 1349 2272 ἀπεστερηκὼς
1368 2197 1468 2255 ὑπ’
1488 2196 1735 2270 ἀνάγκης
1754 2195 1784 2255 ὁ

104 2281 238 2348 πρὶν
256 2281 512 2352 ἐραστής,
539 2280 815 2351 ὀστράκου
833 2284 1236 2353 μεταπεσόντος
1250 2324 1264 2351 ,
1292 2285 1431 2337 ἵεται
1450 2286 1603 2353 φυγῇ
1622 2301 1788 2352 μετα·-

0 2365 1 2380 *
103 2363 292 2434 βαλών
307 2383 317 2394 ·
340 2360 367 2418 ὁ
395 2363 451 2419 δὲ
473 2362 829 2435 ἀναγκάζεται
848 2365 1069 2420 διώκειν
1083 2363 1412 2434 ἀγανακτῶν
1427 2365 1517 2419 καὶ
1534 2361 1788 2419 ἐπιθειά-

8 2447 9 2450 ’
40 2494 52 2506 ,
102 2449 238 2512 ζων,
274 2441 561 2515 ἠγνοηκώς
589 2447 651 2501 τὸ
681 2445 831 2502 ἅπαν
859 2449 914 2513 ἐξ
934 2446 1131 2518 ἀρχῆς,
1171 2445 1255 2502 ὅτι
1276 2444 1378 2503 οὐκ
1398 2445 1508 2518 ἄρα
1529 2448 1638 2502 ἔδει
1657 2443 1788 2501 ποτὲ

37 2512 70 2605 ²5
102 2527 300 2594 ἐρῶντι
336 2527 426 2580 καὶ
455 2523 555 2580 ὑπ’
588 2525 834 2598 ἀνάγκης
864 2526 1080 2600 ἀνοήτῳ
1109 2533 1443 2599 χαρίζεσθαι,
1486 2523 1625 2583 ἀλλὰ
1644 2522 1787 2581 πολὺ
1821 2530 1851 2573 C

46 2606 78 2691 ᾗ
102 2612 314 2677 μᾶλλον
332 2604 405 2677 μὴ
427 2608 621 2677 ἐρῶντι
641 2611 730 2664 καὶ
761 2616 902 2665 νοῦν
931 2614 1133 2680 ἔχοντι·
1176 2615 1226 2666 εἰ
1251 2609 1309 2667 δὲ
1341 2609 1444 2682 μή,
1482 2607 1786 2679 ἀναγκαῖον

65 2696 76 2741 ⁴.
103 2694 185 2758 εἰη
203 2690 464 2742 ἐνδοῦναι
495 2685 667 2744 αὑτὸν
697 2688 936 2766 ἀπίστῳ,
970 2691 1251 2765 δυσκόλῳ,
1285 2695 1580 2764 φθονερῷ,
1613 2687 1786 2759 ἀηδετ,

72 2770 357 2842 ’βλαβερῷ
374 2773 475 2840 μὲν
498 2769 638 2839 πρὸς
656 2769 879 2841 οὐσίαν,
920 2777 1170 2847 βλαβερῷ
1195 2774 1252 2828 δὲ
1274 2769 1412 2841 πρὸς
1433 2770 1535 2841 τὴν
1552 2775 1655 2825 τοῦ
1672 2768 1787 2826 σώ-

102 2868 271 2920 ματος
305 2853 446 2922 ἕξιν,
490 2852 633 2908 πολὺ
665 2852 722 2908 δὲ
754 2853 1151 2929 βλαβερωτάτῳ
1183 2853 1321 2924 πρὸς
1349 2850 1452 2924 τὴν
1480 2859 1575 2924 τῆς
1610 2857 1787 2923 ψυχῆς
