2028 3198
275 107 379 160 134
838 117 1345 167 ’ΠΛΑΤΩΝΟΣ

412 249 582 300 ΠΡΩ.
635 244 1020 316 Ἀληθέστατα.

413 333 534 381 ΣΩ.
590 332 724 381 Νῦν
754 326 818 399 δὴ
842 334 1260 402 καταπέφευγεν
1278 331 1412 405 ἡμῖν
1430 334 1462 407 ἡ
1484 345 1586 392 τοῦ
1605 337 1827 410 ἀγαθοῦ
1847 343 1948 398 δύ-

271 429 431 476 ναμις
464 411 539 470 εἰς
567 405 671 478 τὴν
697 416 800 463 τοῦ
828 417 1005 466 καλοῦ
1024 413 1213 482 φύσιν.
1269 417 1553 488 μετριότης
1571 419 1676 490 γὰρ
1695 425 1785 478 καὶ
1805 440 1948 495 συμ-

269 494 460 559 μετρία
490 489 692 555 κάλλος
722 492 904 563 δήπου
931 498 1019 550 καὶ
1051 493 1216 568 ἀρετὴ
1246 508 1528 570 πανταχοῦ
1557 506 1792 575 ξυμβαίν
1797 528 1842 561 ει
1860 513 1948 576 γί-·

266 579 519 641 γνεσθαι.

405 658 576 709 ΠΡΩ.
629 653 794 711 Πανυ
811 657 914 727 μὲν
933 652 1052 713 οὖν.

403 740 527 790 ΣΩ.
578 739 685 793 Καὶ
705 737 817 809 μὴν
836 738 1108 811 ἀλήθειάν
1127 763 1189 812 γε
1209 747 1419 814 ἔφαμεν
1438 743 1625 811 αὐτοῖς
1643 750 1703 804 ἐν
1722 755 1789 820 τῇ
1807 748 1945 818 κρά-

258 831 346 870 σει
365 826 641 888 μεμῖχθαι.

401 904 572 955 ΠΡΩ.
627 902 795 956 Πάνυ
814 924 891 972 γε.

402 986 526 1036 ΣΩ.
585 981 815 1039 Οὐκοῦν
844 990 894 1040 εἰ
921 984 994 1056 μὴ
1026 1009 1124 1059 μια
1161 989 1452 1060 δυνάμεθα
1482 994 1600 1047 ἰδέα
1630 992 1690 1047 τὸ
1722 990 1936 1062 αγαθὸπ

173 1068 233 1113 65
263 1069 564 1133 θηρεῦσαι,
605 1063 714 1119 σὺν
736 1068 878 1135 τρισὶ
899 1068 1161 1139 λαβόντες
1175 1113 1188 1139 ,
1221 1070 1407 1126 καλλει
1427 1075 1514 1127 καὶ
1534 1077 1831 1146 ξυμμετρία
1850 1075 1937 1129 καὶ

258 1142 519 1218 αληθεία,
541 1150 788 1218 λέγωμεν
806 1170 878 1213 ως
895 1157 1056 1205 τοῦτο
1078 1145 1199 1206 οἷον
1218 1154 1278 1206 ἓν
1299 1149 1559 1220 ὀρθότατ’
1582 1150 1653 1208 οἶν
1672 1159 1932 1211 αίτιασαίό

257 1222 388 1295 μεθ’
424 1222 496 1280 ἂν
518 1248 632 1282 των
649 1230 711 1283 ἐν
731 1235 798 1300 τῇ
819 1235 1096 1300 συμμίξει,
1135 1234 1226 1287 καὶ
1247 1231 1336 1287 δια
1353 1240 1517 1289 τοῦτο
1541 1235 1612 1298 ὠς
1631 1233 1893 1305 ἀγαθόν’
1871 1235 1931 1292 o'v

254 1307 521 1378 ’τοιαύτην
540 1307 717 1380 αὐτὴν
735 1314 1038 1380 γεγονέναι.

397 1394 566 1445 ΠΡΩ.
618 1389 918 1459 Ὀρθότατα
936 1395 1038 1464 μὲν
1056 1387 1175 1449 οὖν.
1905 1429 1909 1431 s

394 1477 525 1527 XLI.
599 1478 724 1528 ΣΩ.
771 1473 909 1544 ’Ήδη
930 1480 1152 1544 τοίνυν,
1186 1469 1231 1530 ὦ
1248 1477 1576 1549 Πρώταρχε,
1598 1478 1787 1543 ἱκανὸς
1803 1478 1935 1550 ἡμῖν

254 1551 446 1623 γένοιτ’
470 1550 543 1608 ἄν
560 1551 824 1610 ὁστισοῦν
844 1555 1030 1626 κριτὴς
1048 1554 1252 1627 ἡδονῆς
1267 1580 1324 1612 τε
1345 1562 1467 1629 πέρι
1486 1562 1575 1614 καὶ
1596 1561 1932 1631 φρονήσεως,

188 1642 222 1682 Β
253 1631 524 1705 ὁπότερον
553 1635 747 1691 αὐτοῖν
777 1643 880 1692 τοῦ
908 1635 1139 1706 ἀρίστου
1159 1640 1586 1710 ξυγγενέστερόν
1605 1663 1660 1696 τε
1681 1644 1770 1697 καὶ
1790 1664 1935 1712 τιμι-

252 1713 464 1785 ω’τερον
482 1720 542 1771 ἐν
560 1716 883 1786 ἀνθρώποις
901 1721 961 1773 τέ
977 1721 1088 1774 ἐστι
1107 1723 1197 1777 καὶ
1223 1729 1389 1786 θεοῖς.

391 1803 561 1852 ΠΡΩ.
616 1806 808 1869 Δῆλον
827 1802 955 1869 μέν,
988 1799 1135 1870 ὅμως
1156 1803 1204 1857 δ’
1232 1798 1335 1859 οὖν
1356 1812 1433 1878 τῷ
1453 1804 1600 1878 λόγῳ
1620 1807 1934 1870 ἐπεξελθεῖν

249 1878 485 1948 βέλτιον.

390 1964 515 2015 ΣΩ.
554 1960 723 2015 ‘Kafl’
758 1963 821 2016 ἓν
849 1963 1082 2018 ἕκαστον
1107 1969 1299 2018 τοίνυν
1325 1971 1439 2019 τῶν
1468 1973 1636 2034 τριῶν
1665 1966 1801 2035 πρὸς
1831 1965 1931 2036 τὴν

249 2041 461 2113 ἡδονὴν
495 2045 586 2098 καὶ
624 2043 723 2098 τὸν
758 2050 900 2099 νοῦν
935 2051 1228 2116 κρίνωμεν.
1272 2050 1355 2101 δεῖ
1387 2046 1493 2118 γὰρ
1524 2051 1686 2117 ἰδεῖν,
1719 2050 1929 2119 ποτέρῳ

250 2131 464 2195 μᾶλλον
485 2129 741 2195 ξυγγενὲς
759 2127 993 2182 ἕκαστον
1013 2126 1198 2183 αὐτῶν
1220 2126 1623 2199 ἄπονεμοῦμεν.

390 2212 560 2262 ΠΡΩ.
615 2208 873 2272 Κάλλους
900 2210 992 2264 καὶ
1021 2209 1282 2279 ἀληθείας
1311 2213 1400 2266 καὶ
1431 2211 1779 2282 μετριότητος
1808 2213 1926 2280 πέρι

248 2291 445 2358 λέγεις;
1719 2367 1739 2375 ·

389 2375 515 2426 ΣΩ.
570 2376 697 2425 Ναί.
751 2379 973 2441 πρῶτον
1002 2377 1064 2428 δέ
1079 2396 1141 2444 γε
1165 2373 1428 2445 ἀληθείας
1451 2380 1652 2445 λαβοῦ,
1694 2377 1736 2428 ὦ
1757 2374 1928 2443 Προά-

184 2465 220 2508 G
248 2473 432 2522 ταρχε·
461 2453 550 2507 καὶ
569 2452 889 2525 λαβόμενος,
910 2458 1115 2525 βλέψας
1135 2461 1210 2521 εἰς
1229 2462 1366 2528 τρία,
1390 2464 1530 2512 νοῦν
1550 2459 1639 2512 καὶ
1659 2454 1929 2527 ἀλήθειαν

250 2536 342 2589 καὶ
371 2532 612 2606 ἡδονήν,
652 2535 834 2591 πολὺν
863 2540 1101 2610 ἐπισχών
1128 2541 1360 2611 χρόνον,
1397 2540 1692 2609 ἀπόκριναι
1723 2545 1925 2612 σαυτῷ,

250 2615 487 2685 πότερον
505 2614 677 2688 ἡδονὴ
700 2622 1127 2688 ξυγγενέστερον
1145 2618 1181 2691 ἢ
1203 2628 1336 2686 νοῦς
1354 2621 1602 2694 ἀληθείᾳ.

387 2703 560 2754 ΠΡΩ.
619 2703 689 2753 Τί
713 2700 771 2755 δὲ
800 2701 1008 2768 χρόνου
1037 2706 1144 2767 δεῖ;
1184 2705 1326 2757 πολὺ
1347 2703 1479 2772 γάρ,
1520 2702 1692 2772 οἶμαι,
1733 2703 1921 2770 διαφέ-

249 2800 423 2846 ρετον.
481 2778 653 2852 ἡδονὴ
691 2781 793 2851 μὲν
827 2781 931 2849 γὰρ
969 2780 1229 2839 ἁπάντων
1264 2783 1713 2852 ἀλαζονίστατον,
1754 2779 1826 2845 ὡς
1863 2782 1921 2835 δὲ
