2028 3198
295 167 396 218 162
907 168 1080 215 HAA
1098 165 1255 214 ΤΩΝ
1270 167 1311 215 ο
1323 169 1372 214 Σ
1774 143 1778 147 ’
1909 172 1966 220 24

291 301 507 370 ἐντύχοι
526 298 734 369 ἡμίσει,
757 297 789 354 δ
809 298 876 370 δὴ
897 305 1005 354 νῦν
1023 310 1258 369 γυναῖκα
1278 305 1582 368 καλοῦμεν,
1614 294 1709 353 εἴτ’
1736 295 1938 368 ἀνδρὸς
1951 319 1963 332 ·

291 384 380 437 καὶ
403 380 578 445 οὕτως
598 379 945 436 ἀπώλλυντο.
983 381 1207 452 ἐλεήσας
1226 380 1283 436 δὲ
1306 381 1333 436 ὁ
1364 381 1506 444 Ζεὺς
1525 378 1700 450 ἄλλην
1719 376 1969 450 μηχανήν

289 468 587 533 πορίζεται,
627 465 718 519 καὶ
747 469 1105 533 μετατίθησιν
1135 461 1322 518 αὐτῶν
1348 461 1414 518 τοὶ
1445 466 1623 518 αἰδοῖα
1653 467 1728 526 εἰς
1746 457 1806 517 τό
1828 461 1970 533 πρό-

287 553 455 600 σθεν·
493 547 625 609 τέως
655 546 761 615 γὰρ
795 547 885 600 καὶ
903 550 1075 600 ταῦτα
1099 544 1251 610 ἐκτὸς
1277 544 1448 615 εἶχον,
1487 548 1577 600 καὶ
1607 546 1847 614 ἐγέννων
1877 543 1969 599 καὶ

225 637 255 679 C
290 632 503 683 ἔτικτον
523 626 625 683 οὐκ
657 633 731 692 εἰς
751 625 1023 698 ἀλλήλους
1042 625 1166 683 ἀλλ’
1193 633 1267 692 εἰς
1286 636 1419 698 γῆν,
1443 625 1627 696 ὥσπερ
1647 629 1701 681 015
1717 628 1962 695 τέττιγες.

286 713 556 780 μετέθηκέ
572 731 628 765 τε
650 703 752 765 οὖν
773 709 948 774 οὕτως
967 708 1154 765 αὐτῶν
1174 714 1248 774 εἰς
1265 708 1325 765 τὸ
1347 710 1599 780 πρόσθεν
1619 709 1708 762 καὶ
1729 705 1816 762 δια
1837 708 1968 762 τού-

286 814 397 847 των
414 790 517 862 τὴν
535 795 753 862 γένεσιν
774 796 833 849 ἐν
852 791 1107 863 ἀλλήλοις
1128 794 1371 862 ἐποίησε,
1414 789 1502 845 διὰ
1532 795 1632 845 τοῦ
1654 789 1886 858 ἄρρενος
1907 791 1968 844 ἐν

285 879 359 947 τῷ
390 874 581 945 θήλει,
626 879 802 930 τῶνδε
832 877 1021 946 ἕνεκα,
1057 879 1149 930 ἵνα
1179 875 1239 928 ἐν
1268 880 1335 945 τῇ
1355 876 1646 943 συμπλοκῇ
1669 869 1779 942 ἅμα
1800 871 1900 941 μὲν
1922 875 1970 925 εἰ
2026 878 2028 883 ⁴

287 954 429 1026 ἀνὴρ
464 959 685 1025 γυναικὶ
723 956 964 1026 ἐντύχοι,
1003 963 1245 1030 γεννῷεν
1283 957 1372 1011 καὶ
1406 961 1649 1025 γίγνοιτο
1691 952 1751 1009 τὸ
1790 956 1966 1023 γένος,

287 1036 399 1107 ἅμα
421 1036 472 1092 δ’
505 1043 554 1092 εί
579 1041 669 1093 καὶ
689 1037 869 1109 ἄρρην
889 1037 1105 1109 α’ρρενι,
1145 1035 1430 1108 πλησμονὴ
1453 1043 1593 1106 γοῦν
1612 1041 1852 1105 γίγνοιτο
1872 1040 1966 1103 τῆς

288 1126 589 1185 συνουσίας
610 1123 699 1175 καὶ
721 1122 1081 1176 διαπαύοιντο
1104 1124 1195 1177 καὶ
1225 1124 1310 1176 ἐπὶ
1329 1118 1394 1176 τά
1416 1125 1547 1190 ἔργα
1566 1121 1851 1188 τρέποιντο
1875 1118 1964 1172 καὶ

204 1257 206 1260 ,
287 1209 388 1256 τοῦ
406 1201 582 1258 α’λλου
609 1209 736 1274 βίου
760 1205 1116 1272 ἐπιμελοιντο.
1157 1207 1270 1257 ἐστι
1299 1202 1364 1272 δὴ
1387 1205 1491 1257 οὐν
1512 1205 1569 1256 ἐκ
1590 1201 1758 1257 τόσου
1780 1198 1808 1256 ὁ
1831 1204 1966 1267 ἔρως

225 1298 256 1337 D
287 1287 527 1355 ἔμφυτος
546 1283 801 1356 ἀλλήλων
820 1297 930 1349 τοῖς
950 1283 1271 1353 ἀνθρώποις
1286 1287 1377 1341 καὶ
1392 1291 1486 1355 τῆς
1506 1282 1728 1354 ἀρχαίας
1748 1279 1965 1353 φύσεως

286 1367 644 1436 συναγωγεὺς
672 1369 762 1422 καὶ
793 1370 1081 1437 ἐπιχειρῶν
1110 1375 1332 1438 ποιῆσαι
1352 1370 1413 1422 ἓν
1433 1369 1492 1422 ἐκ
1515 1370 1674 1420 δυοῖν
1693 1366 1784 1420 καὶ
1805 1363 1964 1419 ἰασα-

287 1456 421 1502 σθαι
440 1447 543 1519 τὴν
562 1448 733 1519 φύσιν
752 1448 855 1519 τὴν
875 1447 1255 1521 ἀνθρωπίνην.

423 1537 556 1588 XVI.
595 1529 857 1597 Ἕκαστος
877 1527 982 1587 οὖν
998 1531 1120 1604 ἡμῶ
1127 1555 1156 1587 ν
1175 1534 1321 1588 ἐστὶν
1340 1531 1648 1601 ἀνθρώπου
1668 1529 1962 1599 ξύμβολον,
2022 1531 2028 1582 ᾲ

284 1612 380 1667 ἅτε
402 1618 731 1683 τετμημένος
752 1614 936 1685 ὥσπερ
960 1619 1019 1670 αἱ
1034 1623 1256 1686 ψῆτται,
1280 1618 1331 1681 ἐξ
1353 1613 1473 1678 ἑνὸς
1493 1613 1609 1668 δύο.
1634 1617 1777 1682 ζητεῖ
1790 1609 1854 1681 δὴ
1881 1609 1966 1666 ἀεὶ
2022 1614 2028 1659 Ξ

283 1693 341 1749 τὸ
375 1693 551 1751 αὑτοῦ
579 1699 806 1762 ἕκαστος
840 1700 1133 1770 ξύμβολον.
1175 1697 1296 1754 ὅσοι
1326 1698 1427 1768 μὲν
1460 1690 1564 1751 οὖν
1592 1702 1704 1750 τῶν
1742 1694 1965 1763 ἀνδρῶν
2024 1747 2028 1749 ,

282 1784 382 1830 τοῦ
401 1786 593 1833 κοινοῦ
624 1782 805 1851 τμῆμα
826 1786 991 1851 εἰσιν,
1024 1780 1056 1837 ὂ
1085 1779 1151 1850 δὴ
1183 1780 1304 1834 τότε
1334 1777 1685 1849 ἀνδρόγυνον
1705 1780 1962 1845 ἐκαλεῖτο,
2013 1835 2028 1850 Ἴ

282 1859 672 1927 φιλογύναικές
701 1861 752 1916 τ’
785 1865 887 1918 εἰσὶ
915 1866 1006 1918 καὶ
1035 1868 1091 1918 οἱ
1112 1863 1303 1917 πολλοὶ
1323 1868 1435 1917 τῶν
1454 1868 1659 1931 μοιχῶν
1679 1864 1739 1916 ἐκ
1759 1859 1963 1915 τούτου
2024 1855 2028 1889 ³

223 1953 255 1992 Ε
286 1946 388 1995 τοῦ
406 1942 604 2010 γένους
623 1944 910 2014 γεγόνασι,
950 1946 1041 1999 καὶ
1072 1944 1198 1999 ὅσαι
1227 1938 1300 1997 αὖ
1318 1955 1574 2012 γυναῖκες
1593 1945 1892 2012 φίλανδροί
1906 1961 1963 1994 τε

281 2026 370 2078 καὶ
391 2024 752 2097 μοιχεύτριαι,
795 2029 854 2082 ἐκ
874 2027 1079 2082 τούτου
1096 2033 1198 2081 τοῦ
1215 2028 1411 2095 γένους
1429 2030 1727 2095 γίγνονται.
1758 2022 1883 2077 όσαι
1904 2023 1962 2076 δὲ

281 2111 393 2160 τῶν
411 2114 695 2175 γυναικῶν
713 2108 976 2178 γυναικὸς
994 2116 1111 2180 τμῆ
1105 2131 1175 2164 ιια
1205 2113 1369 2179 εἰσιν,
1414 2106 1481 2162 οὐ
1501 2127 1651 2162 πανυ
1671 2099 1833 2160 αὐται
1851 2115 1962 2168 τοῖς

281 2187 516 2259 ἀνδράσι
536 2187 634 2246 τὸν
664 2196 804 2245 νοῦν
834 2195 1198 2261 προσέχουσιν
1212 2234 1227 2260 ,
1266 2189 1404 2247 ἀλλα
1443 2197 1653 2261 μᾶλλον
1692 2185 1828 2259 πρὸς
1864 2209 1960 2251 τας

277 2283 543 2340 γυναῖκας
562 2276 923 2343 τετραμμέναι
943 2278 1070 2342 εἰσί,
1110 2276 1202 2329 καὶ
1222 2277 1281 2329 αἱ
1308 2275 1659 2343 ἐταιρίστριαι
1678 2275 1735 2327 ἐκ
1756 2270 1960 2326 τούτου

278 2359 378 2407 τοῦ
396 2355 594 2421 γένους
614 2360 912 2424 γίγνονται.
935 2353 1058 2411 όσοι
1079 2355 1177 2412 δε
1155 2356 1386 2426 ἄρρενος
1405 2356 1587 2427 τμῆμά
1608 2360 1740 2423 εἰσι,
1771 2354 1836 2408 τα
1856 2351 1959 2421 α’ρ-

278 2455 411 2533 ρενα
432 2435 721 2506 διώκουσι,
753 2438 843 2492 καὶ
859 2438 1019 2508 τέως
1012 2460 1110 2493 αεν
1130 2435 1201 2493 α“ν
1220 2443 1407 2503 παῖδες
1428 2432 1591 2507 ὦσιν,
1623 2435 1716 2492 ἅτε
1735 2456 1958 2506 τεμαχια

279 2515 413 2570 ὄντα
433 2522 532 2572 τοῦ
552 2515 801 2588 ἄρρενος,
824 2527 1051 2589 φιλοῦσι
1065 2541 1196 2586 τους
1216 2520 1422 2592 ἄνδρας
1441 2523 1531 2576 καὶ
1550 2525 1801 2590 χαίρουσι
1821 2534 1957 2585 συγ-
2015 2543 2028 2577 ,-

163 2609 249 2654 192
283 2603 662 2669 κατακείμενοι
690 2602 782 2656 καὶ
801 2608 1276 2675 συμπεπλεγμένοι
1297 2616 1408 2670 τοῖς
1427 2602 1686 2675 ἀνδράσι,
1709 2604 1805 2655 καί
1819 2603 1958 2654 εἰσιν

277 2675 432 2737 οὗτοι
451 2684 718 2753 βέλτιστοι
737 2690 850 2738 τῶν
869 2689 1082 2741 παίδων
1101 2688 1193 2742 καὶ
1212 2692 1539 2757 μειρακίων,
1579 2682 1672 2738 ἅτε
1701 2678 1957 2750 ἀνδρειό-

275 2783 425 2818 τατοι
445 2763 598 2829 ὄντες
618 2764 800 2834 φύσει.
825 2769 960 2836 φασὶ
991 2768 1049 2822 δὲ
1078 2769 1146 2839 δή
1171 2789 1315 2832 τινες
1336 2764 1538 2828 αὐτούς
1556 2760 1955 2832 ἀναισχύντους

275 2843 432 2917 εἶναι,
445 2846 807 2917 ψευδόμενοι·
830 2845 898 2902 οὐ
915 2850 1020 2919 γάρ
1039 2845 1127 2903 ὑπ’
1147 2849 1531 2918 ἀναισχυντίας
1546 2851 1708 2900 τοῦτο
1728 2848 1952 2914 δρῶσιν,
2007 2909 2011 2914 ,
