<?xml version="1.0" encoding="UTF-8"?>
<!DOCTYPE html PUBLIC "-//W3C//DTD XHTML 1.0 Transitional//EN"
    "http://www.w3.org/TR/xhtml1/DTD/xhtml1-transitional.dtd">
<html xmlns="http://www.w3.org/1999/xhtml" xml:lang="en" lang="en">
 <head>
  <title>
</title>
<meta http-equiv="Content-Type" content="text/html;charset=utf-8" />
  <meta name='ocr-system' content='tesseract 3.04.00' />
  <meta name='ocr-capabilities' content='ocr_page ocr_carea ocr_par ocr_line ocrx_word'/>
</head>
<body>
  <div class='ocr_page' id='page_1' title='image "./dialogisecumdumt02platuoft_0248.png"; bbox 0 0 2028 3198; ppageno 0'>
   <div class='ocr_carea' id='block_1_1' title="bbox 300 184 1983 239">
    <p class='ocr_par' dir='ltr' id='par_1_1' title="bbox 300 184 1983 239">
     <span class='ocr_line' id='line_1_1' title="bbox 300 184 1983 239; baseline -0.007 0"><span class='ocrx_word' id='word_1_1' title='bbox 300 189 402 239; x_wconf 75' lang='lat'><em>218</em></span> <span class='ocrx_word' id='word_1_2' title='bbox 905 184 1385 233; x_wconf 76' lang='grc' dir='ltr'><em>ΠΛΑΤΩΝΟΣ</em></span> <span class='ocrx_word' id='word_1_3' title='bbox 1633 187 1636 189; x_wconf 71' lang='grc'><strong>’</strong></span> <span class='ocrx_word' id='word_1_4' title='bbox 1924 197 1983 236; x_wconf 63' lang='lat' dir='ltr'><em>go</em></span> 
     </span>
    </p>
   </div>
   <div class='ocr_carea' id='block_1_2' title="bbox 184 316 2028 2928">
    <p class='ocr_par' dir='ltr' id='par_1_2' title="bbox 184 316 2028 2928">
     <span class='ocr_line' id='line_1_2' title="bbox 301 316 1983 395; baseline -0.002 -19"><span class='ocrx_word' id='word_1_5' title='bbox 301 330 455 376; x_wconf 82' lang='grc' dir='ltr'><em>λιστα</em></span> <span class='ocrx_word' id='word_1_6' title='bbox 477 324 535 376; x_wconf 78' lang='grc' dir='ltr'><em>δὲ</em></span> <span class='ocrx_word' id='word_1_7' title='bbox 555 327 631 395; x_wconf 77' lang='grc' dir='ltr'><em>τῷ</em></span> <span class='ocrx_word' id='word_1_8' title='bbox 651 322 879 391; x_wconf 82' lang='grc' dir='ltr'><em>ἐραστῇ,</em></span> <span class='ocrx_word' id='word_1_9' title='bbox 919 317 1003 374; x_wconf 82' lang='grc' dir='ltr'><em>ὅτι</em></span> <span class='ocrx_word' id='word_1_10' title='bbox 1032 324 1146 372; x_wconf 73' lang='grc' dir='ltr'><em>τῶν</em></span> <span class='ocrx_word' id='word_1_11' title='bbox 1173 316 1451 388; x_wconf 79' lang='grc' dir='ltr'><em>φιλτάτων</em></span> <span class='ocrx_word' id='word_1_12' title='bbox 1472 340 1531 373; x_wconf 90' lang='grc' dir='ltr'><em>τε</em></span> <span class='ocrx_word' id='word_1_13' title='bbox 1560 320 1652 374; x_wconf 88' lang='grc' dir='ltr'><em>καὶ</em></span> <span class='ocrx_word' id='word_1_14' title='bbox 1679 316 1983 374; x_wconf 76' lang='grc' dir='ltr'><em>εὐνουστά-</em></span> 
     </span>
     <span class='ocr_line' id='line_1_3' title="bbox 300 398 1983 470; baseline -0.002 -13"><span class='ocrx_word' id='word_1_15' title='bbox 300 424 410 457; x_wconf 90' lang='grc' dir='ltr'><em>των</em></span> <span class='ocrx_word' id='word_1_16' title='bbox 440 405 530 457; x_wconf 87' lang='grc' dir='ltr'><em>καὶ</em></span> <span class='ocrx_word' id='word_1_17' title='bbox 559 401 868 457; x_wconf 76' lang='grc' dir='ltr'><em>θειοτάτων</em></span> <span class='ocrx_word' id='word_1_18' title='bbox 895 398 1185 470; x_wconf 75' lang='grc' dir='ltr'><em>κτημάτων</em></span> <span class='ocrx_word' id='word_1_19' title='bbox 1213 398 1467 470; x_wconf 84' lang='grc' dir='ltr'><em>ὀρφανὸν</em></span> <span class='ocrx_word' id='word_1_20' title='bbox 1502 401 1609 470; x_wconf 86' lang='grc' dir='ltr'><em>πρὸ</em></span> <span class='ocrx_word' id='word_1_21' title='bbox 1647 399 1852 464; x_wconf 84' lang='grc' dir='ltr'><em>παντὸς</em></span> <span class='ocrx_word' id='word_1_22' title='bbox 1889 398 1983 454; x_wconf 79' lang='grc' dir='ltr'><em>εὔ-</em></span> 
     </span>
     <span class='ocr_line' id='line_1_4' title="bbox 299 478 2014 554; baseline -0.001 -17"><span class='ocrx_word' id='word_1_23' title='bbox 299 481 432 549; x_wconf 80' lang='grc' dir='ltr'><em>ξαιτ’</em></span> <span class='ocrx_word' id='word_1_24' title='bbox 461 478 532 539; x_wconf 72' lang='grc' dir='ltr'><em>ἂν</em></span> <span class='ocrx_word' id='word_1_25' title='bbox 562 483 701 539; x_wconf 81' lang='grc' dir='ltr'><em>εἶναι</em></span> <span class='ocrx_word' id='word_1_26' title='bbox 726 481 827 538; x_wconf 84' lang='grc' dir='ltr'><em>τὸν</em></span> <span class='ocrx_word' id='word_1_27' title='bbox 858 481 1164 553; x_wconf 77' lang='grc' dir='ltr'><em>ἐρώμενον·</em></span> <span class='ocrx_word' id='word_1_28' title='bbox 1201 481 1407 552; x_wconf 83' lang='grc' dir='ltr'><em>πατρὸς</em></span> <span class='ocrx_word' id='word_1_29' title='bbox 1433 482 1539 553; x_wconf 86' lang='grc' dir='ltr'><em>γάρ</em></span> <span class='ocrx_word' id='word_1_30' title='bbox 1559 485 1650 539; x_wconf 86' lang='grc' dir='ltr'><em>καὶ</em></span> <span class='ocrx_word' id='word_1_31' title='bbox 1670 480 1874 554; x_wconf 82' lang='grc' dir='ltr'><em>μητρὸς</em></span> <span class='ocrx_word' id='word_1_32' title='bbox 1892 484 1983 537; x_wconf 86' lang='grc' dir='ltr'><em>καὶ</em></span> <span class='ocrx_word' id='word_1_33' title='bbox 2012 515 2014 517; x_wconf 96' lang='grc'>-</span> 
     </span>
     <span class='ocr_line' id='line_1_5' title="bbox 301 560 1982 635; baseline -0.001 -16"><span class='ocrx_word' id='word_1_34' title='bbox 301 569 585 635; x_wconf 75' lang='grc' dir='ltr'><em>ξυγγενῶν</em></span> <span class='ocrx_word' id='word_1_35' title='bbox 603 567 694 620; x_wconf 82' lang='grc' dir='ltr'><em>καὶ</em></span> <span class='ocrx_word' id='word_1_36' title='bbox 714 569 893 635; x_wconf 90' lang='grc' dir='ltr'><em>φίλων</em></span> <span class='ocrx_word' id='word_1_37' title='bbox 912 567 1205 634; x_wconf 86' lang='grc' dir='ltr'><em>στέρεσθαι</em></span> <span class='ocrx_word' id='word_1_38' title='bbox 1224 560 1295 619; x_wconf 74' lang='grc' dir='ltr'><em>ἀν</em></span> <span class='ocrx_word' id='word_1_39' title='bbox 1314 562 1489 620; x_wconf 83' lang='grc' dir='ltr'><em>αὐτὸν</em></span> <span class='ocrx_word' id='word_1_40' title='bbox 1507 566 1714 631; x_wconf 86' lang='grc' dir='ltr'><em>δέξαιτο</em></span> <span class='ocrx_word' id='word_1_41' title='bbox 1729 606 1745 635; x_wconf 93' lang='grc'><em>,</em></span> <span class='ocrx_word' id='word_1_42' title='bbox 1779 567 1982 619; x_wconf 85' lang='grc' dir='ltr'><em>διακω-</em></span> 
     </span>
     <span class='ocr_line' id='line_1_6' title="bbox 184 643 1981 717; baseline -0.004 -12"><span class='ocrx_word' id='word_1_43' title='bbox 184 661 273 705; x_wconf 78' lang='lat'><em>240</em></span> <span class='ocrx_word' id='word_1_44' title='bbox 301 645 468 711; x_wconf 84' lang='grc' dir='ltr'><em>λυτάς</em></span> <span class='ocrx_word' id='word_1_45' title='bbox 495 650 586 702; x_wconf 79' lang='grc' dir='ltr'><em>καὶ</em></span> <span class='ocrx_word' id='word_1_46' title='bbox 616 646 927 717; x_wconf 77' lang='grc' dir='ltr'><em>ε’πιτιμητόις</em></span> <span class='ocrx_word' id='word_1_47' title='bbox 955 643 1264 717; x_wconf 78' lang='grc' dir='ltr'><em>ἡγούμενος</em></span> <span class='ocrx_word' id='word_1_48' title='bbox 1292 652 1388 715; x_wconf 82' lang='grc' dir='ltr'><em>τῆς</em></span> <span class='ocrx_word' id='word_1_49' title='bbox 1413 643 1634 716; x_wconf 79' lang='grc' dir='ltr'><em>ἡδίστης</em></span> <span class='ocrx_word' id='word_1_50' title='bbox 1654 644 1790 715; x_wconf 84' lang='grc' dir='ltr'><em>πρὸς</em></span> <span class='ocrx_word' id='word_1_51' title='bbox 1809 644 1981 700; x_wconf 85' lang='grc' dir='ltr'><em>αὐτὸν</em></span> 
     </span>
     <span class='ocr_line' id='line_1_7' title="bbox 300 725 1982 799; baseline -0.001 -16"><span class='ocrx_word' id='word_1_52' title='bbox 300 726 525 798; x_wconf 89' lang='grc' dir='ltr'><em>ὁμιλίας.</em></span> <span class='ocrx_word' id='word_1_53' title='bbox 548 725 686 784; x_wconf 79' lang='grc' dir='ltr'><em>ἀλλὰ</em></span> <span class='ocrx_word' id='word_1_54' title='bbox 717 727 828 799; x_wconf 82' lang='grc' dir='ltr'><em>μὴν</em></span> <span class='ocrx_word' id='word_1_55' title='bbox 859 726 1055 783; x_wconf 81' lang='grc' dir='ltr'><em>οὐσίαν</em></span> <span class='ocrx_word' id='word_1_56' title='bbox 1073 725 1126 798; x_wconf 87' lang='grc' dir='ltr'><em>γ’</em></span> <span class='ocrx_word' id='word_1_57' title='bbox 1151 731 1342 797; x_wconf 82' lang='grc' dir='ltr'><em>ἔχοντα</em></span> <span class='ocrx_word' id='word_1_58' title='bbox 1361 734 1572 798; x_wconf 87' lang='grc' dir='ltr'><em>χρυσοῦ</em></span> <span class='ocrx_word' id='word_1_59' title='bbox 1595 727 1627 798; x_wconf 81' lang='grc' dir='ltr'>ἥ</span> <span class='ocrx_word' id='word_1_60' title='bbox 1645 748 1793 792; x_wconf 90' lang='grc' dir='ltr'><em>τινος</em></span> <span class='ocrx_word' id='word_1_61' title='bbox 1815 726 1982 797; x_wconf 75' lang='grc' dir='ltr'><em>ἄλλης</em></span> 
     </span>
     <span class='ocr_line' id='line_1_8' title="bbox 298 807 1981 881; baseline -0.001 -16"><span class='ocrx_word' id='word_1_62' title='bbox 298 810 539 880; x_wconf 86' lang='grc' dir='ltr'><em>κτήσεως</em></span> <span class='ocrx_word' id='word_1_63' title='bbox 568 808 690 864; x_wconf 80' lang='grc' dir='ltr'><em>οὔτ’</em></span> <span class='ocrx_word' id='word_1_64' title='bbox 722 807 1003 866; x_wconf 82' lang='grc' dir='ltr'><em>εὐάλωτον</em></span> <span class='ocrx_word' id='word_1_65' title='bbox 1026 807 1229 881; x_wconf 85' lang='grc' dir='ltr'><em>ὁμοίως</em></span> <span class='ocrx_word' id='word_1_66' title='bbox 1257 808 1387 864; x_wconf 76' lang='grc' dir='ltr'><em>οὔτε</em></span> <span class='ocrx_word' id='word_1_67' title='bbox 1427 808 1630 865; x_wconf 80' lang='grc' dir='ltr'><em>ἁλόντα</em></span> <span class='ocrx_word' id='word_1_68' title='bbox 1671 807 1981 878; x_wconf 85' lang='grc' dir='ltr'><em>εὐμεταχεί-</em></span> 
     </span>
     <span class='ocr_line' id='line_1_9' title="bbox 299 885 1981 963; baseline -0.001 -16"><span class='ocrx_word' id='word_1_69' title='bbox 299 909 489 963; x_wconf 91' lang='grc' dir='ltr'><em>ριστον</em></span> <span class='ocrx_word' id='word_1_70' title='bbox 519 888 806 962; x_wconf 78' lang='grc' dir='ltr'><em>ἡγήσεται·</em></span> <span class='ocrx_word' id='word_1_71' title='bbox 846 894 898 957; x_wconf 83' lang='grc' dir='ltr'><em>ἐξ</em></span> <span class='ocrx_word' id='word_1_72' title='bbox 921 885 1003 947; x_wconf 69' lang='grc' dir='ltr'><em>οἷν</em></span> <span class='ocrx_word' id='word_1_73' title='bbox 1031 890 1166 947; x_wconf 82' lang='grc' dir='ltr'><em>πᾶσ’</em></span> <span class='ocrx_word' id='word_1_74' title='bbox 1199 889 1411 963; x_wconf 89' lang='grc' dir='ltr'><em>ἀνάγκη</em></span> <span class='ocrx_word' id='word_1_75' title='bbox 1443 890 1681 962; x_wconf 82' lang='grc' dir='ltr'><em>ἐραστὴν</em></span> <span class='ocrx_word' id='word_1_76' title='bbox 1711 895 1981 954; x_wconf 81' lang='grc' dir='ltr'><em>παιδικοῖς</em></span> 
     </span>
     <span class='ocr_line' id='line_1_10' title="bbox 297 971 1978 1045; baseline -0.001 -16"><span class='ocrx_word' id='word_1_77' title='bbox 297 981 538 1044; x_wconf 78' lang='grc' dir='ltr'><em>φθονεῖν</em></span> <span class='ocrx_word' id='word_1_78' title='bbox 557 973 657 1044; x_wconf 78' lang='grc' dir='ltr'><em>μὲν</em></span> <span class='ocrx_word' id='word_1_79' title='bbox 679 971 874 1028; x_wconf 81' lang='grc' dir='ltr'><em>οὐσίαν</em></span> <span class='ocrx_word' id='word_1_80' title='bbox 890 979 1255 1043; x_wconf 83' lang='grc' dir='ltr'><em>κεκτημένοις,</em></span> <span class='ocrx_word' id='word_1_81' title='bbox 1276 972 1658 1045; x_wconf 77' lang='grc' dir='ltr'><em>ἀπολλυμένης</em></span> <span class='ocrx_word' id='word_1_82' title='bbox 1678 973 1736 1028; x_wconf 78' lang='grc' dir='ltr'><em>δὲ</em></span> <span class='ocrx_word' id='word_1_83' title='bbox 1755 978 1978 1044; x_wconf 79' lang='grc' dir='ltr'><em>χαίρειν.</em></span> 
     </span>
     <span class='ocr_line' id='line_1_11' title="bbox 299 1053 1981 1126; baseline -0.001 -15"><span class='ocrx_word' id='word_1_84' title='bbox 299 1059 376 1111; x_wconf 80' lang='grc' dir='ltr'><em>ἔτι</em></span> <span class='ocrx_word' id='word_1_85' title='bbox 393 1061 586 1111; x_wconf 86' lang='grc' dir='ltr'><em>τοίνυν</em></span> <span class='ocrx_word' id='word_1_86' title='bbox 615 1054 859 1126; x_wconf 75' lang='grc' dir='ltr'><em>ἄγαμον,</em></span> <span class='ocrx_word' id='word_1_87' title='bbox 899 1053 1130 1125; x_wconf 78' lang='grc' dir='ltr'><em>ἄπαιδα,</em></span> <span class='ocrx_word' id='word_1_88' title='bbox 1172 1055 1364 1112; x_wconf 78' lang='grc' dir='ltr'><em>ἄοικον</em></span> <span class='ocrx_word' id='word_1_89' title='bbox 1383 1055 1414 1111; x_wconf 79' lang='grc' dir='ltr'>ὅ</span> <span class='ocrx_word' id='word_1_90' title='bbox 1434 1079 1483 1110; x_wconf 91' lang='grc' dir='ltr'><em>τι</em></span> <span class='ocrx_word' id='word_1_91' title='bbox 1502 1064 1757 1112; x_wconf 83' lang='grc' dir='ltr'><em>πλεῖστον</em></span> <span class='ocrx_word' id='word_1_92' title='bbox 1775 1055 1981 1126; x_wconf 89' lang='grc' dir='ltr'><em>χρόνον</em></span> 
     </span>
     <span class='ocr_line' id='line_1_12' title="bbox 300 1131 1980 1210; baseline -0.001 -17"><span class='ocrx_word' id='word_1_93' title='bbox 300 1136 526 1193; x_wconf 75' lang='grc' dir='ltr'><em>παιδικὰ</em></span> <span class='ocrx_word' id='word_1_94' title='bbox 547 1135 776 1208; x_wconf 84' lang='grc' dir='ltr'><em>ἐραστὴς</em></span> <span class='ocrx_word' id='word_1_95' title='bbox 798 1134 1001 1202; x_wconf 78' lang='grc' dir='ltr'><em>εὔξαιτ’</em></span> <span class='ocrx_word' id='word_1_96' title='bbox 1024 1131 1095 1191; x_wconf 72' lang='grc' dir='ltr'><em>ἀν</em></span> <span class='ocrx_word' id='word_1_97' title='bbox 1120 1142 1403 1210; x_wconf 88' lang='grc' dir='ltr'><em>γενέσθαι,</em></span> <span class='ocrx_word' id='word_1_98' title='bbox 1426 1139 1486 1194; x_wconf 85' lang='grc' dir='ltr'><em>τὸ</em></span> <span class='ocrx_word' id='word_1_99' title='bbox 1511 1136 1686 1194; x_wconf 83' lang='grc' dir='ltr'><em>αὑτοῦ</em></span> <span class='ocrx_word' id='word_1_100' title='bbox 1704 1137 1882 1208; x_wconf 79' lang='grc' dir='ltr'><em>γλυκὺ</em></span> <span class='ocrx_word' id='word_1_101' title='bbox 1906 1135 1980 1202; x_wconf 76' lang='grc' dir='ltr'><em>ὥς</em></span> 
     </span>
     <span class='ocr_line' id='line_1_13' title="bbox 299 1219 1475 1290; baseline 0 -15"><span class='ocrx_word' id='word_1_102' title='bbox 299 1229 554 1277; x_wconf 77' lang='grc' dir='ltr'><em>πλεῖστον</em></span> <span class='ocrx_word' id='word_1_103' title='bbox 572 1219 775 1289; x_wconf 86' lang='grc' dir='ltr'><em>χρόνον</em></span> <span class='ocrx_word' id='word_1_104' title='bbox 795 1225 1152 1289; x_wconf 77' lang='grc' dir='ltr'><em>καρποῦσθαι</em></span> <span class='ocrx_word' id='word_1_105' title='bbox 1172 1222 1475 1290; x_wconf 80' lang='grc' dir='ltr'><em>ἐπιθυμῶν.</em></span> 
     </span>
     <span class='ocr_line' id='line_1_14' title="bbox 438 1299 1979 1372; baseline 0 -16"><span class='ocrx_word' id='word_1_106' title='bbox 438 1307 593 1358; x_wconf 90' lang='lat' dir='ltr'><strong>XVII.</strong></span> <span class='ocrx_word' id='word_1_107' title='bbox 652 1300 805 1356; x_wconf 76' lang='grc' dir='ltr'><em>’Ἐστι</em></span> <span class='ocrx_word' id='word_1_108' title='bbox 833 1302 936 1371; x_wconf 75' lang='grc' dir='ltr'><em>μὲν</em></span> <span class='ocrx_word' id='word_1_109' title='bbox 957 1299 1020 1371; x_wconf 81' lang='grc' dir='ltr'><em>δὴ</em></span> <span class='ocrx_word' id='word_1_110' title='bbox 1045 1302 1135 1356; x_wconf 79' lang='grc' dir='ltr'><em>καὶ</em></span> <span class='ocrx_word' id='word_1_111' title='bbox 1155 1300 1292 1357; x_wconf 74' lang='grc' dir='ltr'><em>ἄλλα</em></span> <span class='ocrx_word' id='word_1_112' title='bbox 1312 1302 1481 1371; x_wconf 88' lang='grc' dir='ltr'><em>κακά,</em></span> <span class='ocrx_word' id='word_1_113' title='bbox 1514 1300 1651 1357; x_wconf 82' lang='grc' dir='ltr'><em>ἀλλά</em></span> <span class='ocrx_word' id='word_1_114' title='bbox 1673 1323 1749 1366; x_wconf 91' lang='grc' dir='ltr'><em>τις</em></span> <span class='ocrx_word' id='word_1_115' title='bbox 1770 1305 1979 1372; x_wconf 88' lang='grc' dir='ltr'><em>δαίμων</em></span> 
     </span>
     <span class='ocr_line' id='line_1_15' title="bbox 236 1380 1976 1455; baseline 0 -18"><span class='ocrx_word' id='word_1_116' title='bbox 236 1397 267 1437; x_wconf 87' lang='grc' dir='ltr'><em>Β</em></span> <span class='ocrx_word' id='word_1_117' title='bbox 300 1388 443 1454; x_wconf 79' lang='grc' dir='ltr'><em>ἔμιξε</em></span> <span class='ocrx_word' id='word_1_118' title='bbox 464 1395 576 1448; x_wconf 77' lang='grc' dir='ltr'><em>τοῖς</em></span> <span class='ocrx_word' id='word_1_119' title='bbox 596 1389 865 1447; x_wconf 84' lang='grc' dir='ltr'><em>πλείστοις</em></span> <span class='ocrx_word' id='word_1_120' title='bbox 882 1385 942 1439; x_wconf 87' lang='grc' dir='ltr'><em>ἐν</em></span> <span class='ocrx_word' id='word_1_121' title='bbox 962 1389 1037 1455; x_wconf 77' lang='grc' dir='ltr'><em>τῷ</em></span> <span class='ocrx_word' id='word_1_122' title='bbox 1056 1388 1365 1452; x_wconf 79' lang='grc' dir='ltr'><em>παραυτίκα</em></span> <span class='ocrx_word' id='word_1_123' title='bbox 1381 1382 1609 1454; x_wconf 85' lang='grc' dir='ltr'><em>ἡδονήν,</em></span> <span class='ocrx_word' id='word_1_124' title='bbox 1634 1380 1753 1440; x_wconf 85' lang='grc' dir='ltr'><em>οἷον</em></span> <span class='ocrx_word' id='word_1_125' title='bbox 1767 1384 1976 1452; x_wconf 81' lang='grc' dir='ltr'><em>κόλακι,</em></span> 
     </span>
     <span class='ocr_line' id='line_1_16' title="bbox 299 1463 1979 1540; baseline -0.002 -19"><span class='ocrx_word' id='word_1_126' title='bbox 299 1470 463 1540; x_wconf 77' lang='grc' dir='ltr'><em>δεινῷ</em></span> <span class='ocrx_word' id='word_1_127' title='bbox 492 1471 672 1539; x_wconf 91' lang='grc' dir='ltr'><em>θηρίῳ</em></span> <span class='ocrx_word' id='word_1_128' title='bbox 704 1466 794 1520; x_wconf 79' lang='grc' dir='ltr'><em>καὶ</em></span> <span class='ocrx_word' id='word_1_129' title='bbox 825 1465 1003 1536; x_wconf 81' lang='grc' dir='ltr'><em>βλάβη</em></span> <span class='ocrx_word' id='word_1_130' title='bbox 1037 1466 1274 1538; x_wconf 80' lang='grc' dir='ltr'><em>μεγάλη,</em></span> <span class='ocrx_word' id='word_1_131' title='bbox 1317 1463 1464 1536; x_wconf 81' lang='grc' dir='ltr'><em>ὅμως</em></span> <span class='ocrx_word' id='word_1_132' title='bbox 1494 1463 1790 1536; x_wconf 82' lang='grc' dir='ltr'><em>ἐπέμιξενὴ</em></span> <span class='ocrx_word' id='word_1_133' title='bbox 1813 1465 1979 1534; x_wconf 85' lang='grc' dir='ltr'><em>φύσις</em></span> 
     </span>
     <span class='ocr_line' id='line_1_17' title="bbox 296 1544 1978 1619; baseline -0.002 -15"><span class='ocrx_word' id='word_1_134' title='bbox 296 1547 510 1619; x_wconf 82' lang='grc' dir='ltr'><em>ἡδονήν</em></span> <span class='ocrx_word' id='word_1_135' title='bbox 535 1570 658 1603; x_wconf 93' lang='grc' dir='ltr'><em>τινα</em></span> <span class='ocrx_word' id='word_1_136' title='bbox 689 1546 792 1602; x_wconf 83' lang='grc' dir='ltr'><em>οὐκ</em></span> <span class='ocrx_word' id='word_1_137' title='bbox 823 1544 1099 1617; x_wconf 73' lang='grc' dir='ltr'><em>ἄμουσον,</em></span> <span class='ocrx_word' id='word_1_138' title='bbox 1139 1554 1234 1603; x_wconf 87' lang='grc' dir='ltr'><em>καί</em></span> <span class='ocrx_word' id='word_1_139' title='bbox 1259 1570 1338 1614; x_wconf 90' lang='grc' dir='ltr'><em>τις</em></span> <span class='ocrx_word' id='word_1_140' title='bbox 1368 1549 1588 1618; x_wconf 84' lang='grc' dir='ltr'><em>ἑταίραν</em></span> <span class='ocrx_word' id='word_1_141' title='bbox 1610 1546 1683 1612; x_wconf 75' lang='grc' dir='ltr'><em>ὥς</em></span> <span class='ocrx_word' id='word_1_142' title='bbox 1702 1545 1978 1619; x_wconf 85' lang='grc' dir='ltr'><em>βλαβερὸν</em></span> 
     </span>
     <span class='ocr_line' id='line_1_18' title="bbox 298 1628 1978 1700; baseline -0.001 -15"><span class='ocrx_word' id='word_1_143' title='bbox 298 1633 511 1695; x_wconf 80' lang='grc' dir='ltr'><em>ψέξειεν</em></span> <span class='ocrx_word' id='word_1_144' title='bbox 529 1628 601 1685; x_wconf 79' lang='grc' dir='ltr'><em>ἄν</em></span> <span class='ocrx_word' id='word_1_145' title='bbox 614 1674 627 1698; x_wconf 89' lang='grc'><em>,</em></span> <span class='ocrx_word' id='word_1_146' title='bbox 666 1631 757 1685; x_wconf 86' lang='grc' dir='ltr'><em>καὶ</em></span> <span class='ocrx_word' id='word_1_147' title='bbox 779 1628 915 1684; x_wconf 76' lang='grc' dir='ltr'><em>ἄλλα</em></span> <span class='ocrx_word' id='word_1_148' title='bbox 934 1628 1109 1684; x_wconf 78' lang='grc' dir='ltr'><em>πολλὰ</em></span> <span class='ocrx_word' id='word_1_149' title='bbox 1131 1637 1243 1685; x_wconf 79' lang='grc' dir='ltr'><em>τῶν</em></span> <span class='ocrx_word' id='word_1_150' title='bbox 1261 1630 1704 1699; x_wconf 85' lang='grc' dir='ltr'><em>τοιουτοτρόπων</em></span> <span class='ocrx_word' id='word_1_151' title='bbox 1721 1629 1978 1700; x_wconf 82' lang='grc' dir='ltr'><em>θρεμμά-</em></span> 
     </span>
     <span class='ocr_line' id='line_1_19' title="bbox 296 1707 2028 1783; baseline 0 -18"><span class='ocrx_word' id='word_1_152' title='bbox 296 1733 408 1766; x_wconf 90' lang='grc' dir='ltr'><em>των</em></span> <span class='ocrx_word' id='word_1_153' title='bbox 446 1733 503 1766; x_wconf 90' lang='grc' dir='ltr'><em>τε</em></span> <span class='ocrx_word' id='word_1_154' title='bbox 541 1713 630 1766; x_wconf 83' lang='grc' dir='ltr'><em>καὶ</em></span> <span class='ocrx_word' id='word_1_155' title='bbox 668 1710 1138 1781; x_wconf 80' lang='grc' dir='ltr'><em>ἐπιτηδευμάτων,</em></span> <span class='ocrx_word' id='word_1_156' title='bbox 1178 1707 1259 1776; x_wconf 87' lang='grc' dir='ltr'><em>οἷς</em></span> <span class='ocrx_word' id='word_1_157' title='bbox 1287 1712 1431 1782; x_wconf 81' lang='grc' dir='ltr'><em>τόγε</em></span> <span class='ocrx_word' id='word_1_158' title='bbox 1461 1710 1595 1768; x_wconf 86' lang='grc' dir='ltr'><em>καθ’</em></span> <span class='ocrx_word' id='word_1_159' title='bbox 1629 1709 1839 1783; x_wconf 83' lang='grc' dir='ltr'><em>ἡμέραν</em></span> <span class='ocrx_word' id='word_1_160' title='bbox 1856 1709 1979 1782; x_wconf 84' lang='grc' dir='ltr'><em>ἡδί-</em></span> <span class='ocrx_word' id='word_1_161' title='bbox 2026 1727 2028 1729; x_wconf 82' lang='grc'><strong>’</strong></span> 
     </span>
     <span class='ocr_line' id='line_1_20' title="bbox 299 1790 1978 1867; baseline 0.001 -20"><span class='ocrx_word' id='word_1_162' title='bbox 299 1810 510 1848; x_wconf 90' lang='grc' dir='ltr'><em>στοισιν</em></span> <span class='ocrx_word' id='word_1_163' title='bbox 530 1792 668 1848; x_wconf 79' lang='grc' dir='ltr'><em>εἶναι</em></span> <span class='ocrx_word' id='word_1_164' title='bbox 687 1790 916 1863; x_wconf 81' lang='grc' dir='ltr'><em>ὑπάρχει</em></span> <span class='ocrx_word' id='word_1_165' title='bbox 931 1817 942 1827; x_wconf 92' lang='grc'><em>·</em></span> <span class='ocrx_word' id='word_1_166' title='bbox 974 1798 1243 1859; x_wconf 82' lang='grc' dir='ltr'><em>παιδικοῖς</em></span> <span class='ocrx_word' id='word_1_167' title='bbox 1263 1796 1322 1850; x_wconf 79' lang='grc' dir='ltr'><em>δὲ</em></span> <span class='ocrx_word' id='word_1_168' title='bbox 1341 1793 1569 1866; x_wconf 78' lang='grc' dir='ltr'><em>ἐραστὴς</em></span> <span class='ocrx_word' id='word_1_169' title='bbox 1589 1793 1726 1863; x_wconf 87' lang='grc' dir='ltr'><em>πρὸς</em></span> <span class='ocrx_word' id='word_1_170' title='bbox 1745 1800 1823 1867; x_wconf 77' lang='grc' dir='ltr'><em>τῷ</em></span> <span class='ocrx_word' id='word_1_171' title='bbox 1841 1799 1978 1864; x_wconf 86' lang='grc' dir='ltr'><em>βλα-</em></span> 
     </span>
     <span class='ocr_line' id='line_1_21' title="bbox 236 1873 2026 1947; baseline -0.003 -15"><span class='ocrx_word' id='word_1_172' title='bbox 236 1891 270 1932; x_wconf 81' lang='lat' dir='ltr'><strong>G</strong></span> <span class='ocrx_word' id='word_1_173' title='bbox 302 1880 448 1947; x_wconf 75' lang='grc' dir='ltr'><em>βερςδ</em></span> <span class='ocrx_word' id='word_1_174' title='bbox 473 1877 563 1930; x_wconf 82' lang='grc' dir='ltr'><em>καὶ</em></span> <span class='ocrx_word' id='word_1_175' title='bbox 594 1879 668 1938; x_wconf 86' lang='grc' dir='ltr'><em>είς</em></span> <span class='ocrx_word' id='word_1_176' title='bbox 696 1873 756 1928; x_wconf 82' lang='grc' dir='ltr'><em>τὸ</em></span> <span class='ocrx_word' id='word_1_177' title='bbox 786 1876 1184 1945; x_wconf 86' lang='grc' dir='ltr'><em>συνημερεύειν</em></span> <span class='ocrx_word' id='word_1_178' title='bbox 1205 1877 1430 1932; x_wconf 89' lang='grc' dir='ltr'><em>πάντων</em></span> <span class='ocrx_word' id='word_1_179' title='bbox 1449 1876 1796 1947; x_wconf 88' lang='grc' dir='ltr'><em>ἀηδέστατον.</em></span> <span class='ocrx_word' id='word_1_180' title='bbox 1816 1874 1976 1945; x_wconf 82' lang='grc' dir='ltr'><em>ἥλικα</em></span> <span class='ocrx_word' id='word_1_181' title='bbox 2019 1889 2026 1927; x_wconf 82' lang='grc'><em>’.</em></span> 
     </span>
     <span class='ocr_line' id='line_1_22' title="bbox 297 1952 2028 2054; baseline -0.001 -44"><span class='ocrx_word' id='word_1_182' title='bbox 297 1953 402 2054; x_wconf 71' lang='grc' dir='ltr'><em>γὰρ</em></span> <span class='ocrx_word' id='word_1_183' title='bbox 423 1952 562 2010; x_wconf 84' lang='grc' dir='ltr'><em>καὶὸ</em></span> <span class='ocrx_word' id='word_1_184' title='bbox 585 1954 814 2019; x_wconf 84' lang='grc' dir='ltr'><em>παλαιὸς</em></span> <span class='ocrx_word' id='word_1_185' title='bbox 834 1955 997 2024; x_wconf 87' lang='grc' dir='ltr'><em>λόγος</em></span> <span class='ocrx_word' id='word_1_186' title='bbox 1014 1957 1232 2023; x_wconf 86' lang='grc' dir='ltr'><em>τέρπειν</em></span> <span class='ocrx_word' id='word_1_187' title='bbox 1250 1958 1348 2011; x_wconf 84' lang='grc' dir='ltr'><em>τὸν</em></span> <span class='ocrx_word' id='word_1_188' title='bbox 1366 1957 1554 2027; x_wconf 83' lang='grc' dir='ltr'><em>ἥλικα·</em></span> <span class='ocrx_word' id='word_1_189' title='bbox 1591 1956 1625 2028; x_wconf 84' lang='grc' dir='ltr'><em>ἡ</em></span> <span class='ocrx_word' id='word_1_190' title='bbox 1646 1959 1752 2026; x_wconf 84' lang='grc' dir='ltr'><em>γάρ</em></span> <span class='ocrx_word' id='word_1_191' title='bbox 1766 1999 1779 2026; x_wconf 90' lang='grc'><em>,</em></span> <span class='ocrx_word' id='word_1_192' title='bbox 1811 1957 1974 2026; x_wconf 82' lang='grc' dir='ltr'><em>οἶμαι,</em></span> <span class='ocrx_word' id='word_1_193' title='bbox 2024 1977 2028 2010; x_wconf 88' lang='grc'><em>·-,</em></span> 
     </span>
     <span class='ocr_line' id='line_1_23' title="bbox 298 2034 1976 2108; baseline -0.001 -16"><span class='ocrx_word' id='word_1_194' title='bbox 298 2035 506 2106; x_wconf 80' lang='grc' dir='ltr'><em>χρόνου</em></span> <span class='ocrx_word' id='word_1_195' title='bbox 538 2036 722 2108; x_wconf 85' lang='grc' dir='ltr'><em>ἰσότης</em></span> <span class='ocrx_word' id='word_1_196' title='bbox 751 2034 836 2092; x_wconf 83' lang='grc' dir='ltr'><em>ἐπ’</em></span> <span class='ocrx_word' id='word_1_197' title='bbox 864 2044 984 2100; x_wconf 78' lang='grc' dir='ltr'><em>ἴσας</em></span> <span class='ocrx_word' id='word_1_198' title='bbox 1012 2034 1259 2106; x_wconf 71' lang='grc' dir='ltr'><em>ηδονάς’</em></span> <span class='ocrx_word' id='word_1_199' title='bbox 1235 2038 1450 2108; x_wconf 88' lang='grc' dir='ltr'><em>άγουσα</em></span> <span class='ocrx_word' id='word_1_200' title='bbox 1471 2036 1542 2093; x_wconf 80' lang='grc' dir='ltr'><em>δι’</em></span> <span class='ocrx_word' id='word_1_201' title='bbox 1566 2035 1858 2108; x_wconf 80' lang='grc' dir='ltr'><em>ὁμοιότητα</em></span> <span class='ocrx_word' id='word_1_202' title='bbox 1880 2059 1976 2106; x_wconf 86' lang='grc' dir='ltr'><em>φι-</em></span> 
     </span>
     <span class='ocr_line' id='line_1_24' title="bbox 300 2117 1976 2191; baseline -0.001 -17"><span class='ocrx_word' id='word_1_203' title='bbox 300 2123 426 2174; x_wconf 90' lang='grc' dir='ltr'><em>λίαν</em></span> <span class='ocrx_word' id='word_1_204' title='bbox 445 2119 756 2189; x_wconf 88' lang='grc' dir='ltr'><em>παρέχεται·</em></span> <span class='ocrx_word' id='word_1_205' title='bbox 780 2117 900 2174; x_wconf 89' lang='grc' dir='ltr'><em>ἀλλ’</em></span> <span class='ocrx_word' id='word_1_206' title='bbox 925 2118 1072 2190; x_wconf 82' lang='grc' dir='ltr'><em>ὅμως</em></span> <span class='ocrx_word' id='word_1_207' title='bbox 1091 2119 1263 2188; x_wconf 88' lang='grc' dir='ltr'><em>κόρον</em></span> <span class='ocrx_word' id='word_1_208' title='bbox 1283 2142 1345 2190; x_wconf 91' lang='grc' dir='ltr'><em>γε</em></span> <span class='ocrx_word' id='word_1_209' title='bbox 1365 2122 1456 2175; x_wconf 85' lang='grc' dir='ltr'><em>καὶ</em></span> <span class='ocrx_word' id='word_1_210' title='bbox 1476 2143 1509 2191; x_wconf 91' lang='grc' dir='ltr'><em>η</em></span> <span class='ocrx_word' id='word_1_211' title='bbox 1530 2120 1747 2175; x_wconf 85' lang='grc' dir='ltr'><em>ταύτων</em></span> <span class='ocrx_word' id='word_1_212' title='bbox 1768 2137 1976 2174; x_wconf 82' lang='grc' dir='ltr'><em>συνου-</em></span> 
     </span>
     <span class='ocr_line' id='line_1_25' title="bbox 299 2198 1976 2273; baseline -0.001 -17"><span class='ocrx_word' id='word_1_213' title='bbox 299 2206 388 2256; x_wconf 88' lang='grc' dir='ltr'><em>σία</em></span> <span class='ocrx_word' id='word_1_214' title='bbox 411 2204 532 2271; x_wconf 82' lang='grc' dir='ltr'><em>ἔχει.</em></span> <span class='ocrx_word' id='word_1_215' title='bbox 554 2202 643 2255; x_wconf 82' lang='grc' dir='ltr'><em>καὶ</em></span> <span class='ocrx_word' id='word_1_216' title='bbox 663 2198 774 2271; x_wconf 81' lang='grc' dir='ltr'><em>μὴν</em></span> <span class='ocrx_word' id='word_1_217' title='bbox 794 2200 856 2256; x_wconf 95' lang='grc' dir='ltr'><em>τό</em></span> <span class='ocrx_word' id='word_1_218' title='bbox 874 2222 935 2271; x_wconf 90' lang='grc' dir='ltr'><em>γε</em></span> <span class='ocrx_word' id='word_1_219' title='bbox 954 2199 1256 2271; x_wconf 85' lang='grc' dir='ltr'><em>ἀναγκαιον</em></span> <span class='ocrx_word' id='word_1_220' title='bbox 1276 2205 1349 2257; x_wconf 85' lang='grc' dir='ltr'><em>αὐ</em></span> <span class='ocrx_word' id='word_1_221' title='bbox 1377 2201 1521 2273; x_wconf 87' lang='grc' dir='ltr'><em>βαρυ</em></span> <span class='ocrx_word' id='word_1_222' title='bbox 1541 2204 1703 2257; x_wconf 85' lang='grc' dir='ltr'><em>παντὶ</em></span> <span class='ocrx_word' id='word_1_223' title='bbox 1722 2203 1844 2269; x_wconf 88' lang='grc' dir='ltr'><em>περὶ</em></span> <span class='ocrx_word' id='word_1_224' title='bbox 1865 2206 1976 2255; x_wconf 83' lang='grc' dir='ltr'><em>πᾶν</em></span> 
     </span>
     <span class='ocr_line' id='line_1_26' title="bbox 299 2280 1977 2355; baseline -0.001 -17"><span class='ocrx_word' id='word_1_225' title='bbox 299 2286 529 2352; x_wconf 87' lang='grc' dir='ltr'><em>λέγεται·</em></span> <span class='ocrx_word' id='word_1_226' title='bbox 573 2280 604 2336; x_wconf 83' lang='grc' dir='ltr'>ὃ</span> <span class='ocrx_word' id='word_1_227' title='bbox 632 2280 697 2352; x_wconf 79' lang='grc' dir='ltr'><em>δὴ</em></span> <span class='ocrx_word' id='word_1_228' title='bbox 730 2280 865 2350; x_wconf 89' lang='grc' dir='ltr'><em>πρὸς</em></span> <span class='ocrx_word' id='word_1_229' title='bbox 893 2289 958 2355; x_wconf 82' lang='grc' dir='ltr'><em>τῇ</em></span> <span class='ocrx_word' id='word_1_230' title='bbox 988 2281 1335 2355; x_wconf 85' lang='grc' dir='ltr'><em>ἀνομοιότητι</em></span> <span class='ocrx_word' id='word_1_231' title='bbox 1355 2282 1567 2355; x_wconf 83' lang='grc' dir='ltr'><em>μάλιστ’</em></span> <span class='ocrx_word' id='word_1_232' title='bbox 1593 2282 1821 2354; x_wconf 83' lang='grc' dir='ltr'><em>ἐραστὴς</em></span> <span class='ocrx_word' id='word_1_233' title='bbox 1840 2280 1977 2350; x_wconf 86' lang='grc' dir='ltr'><em>πρὸς</em></span> 
     </span>
     <span class='ocr_line' id='line_1_27' title="bbox 299 2361 2028 2451; baseline -0.001 -33"><span class='ocrx_word' id='word_1_234' title='bbox 299 2363 521 2419; x_wconf 75' lang='grc' dir='ltr'><em>παιδικὰ</em></span> <span class='ocrx_word' id='word_1_235' title='bbox 542 2368 661 2434; x_wconf 83' lang='grc' dir='ltr'><em>ἔχει.</em></span> <span class='ocrx_word' id='word_1_236' title='bbox 694 2368 944 2438; x_wconf 87' lang='grc' dir='ltr'><em>νεωτέρῳ</em></span> <span class='ocrx_word' id='word_1_237' title='bbox 964 2364 1070 2436; x_wconf 79' lang='grc' dir='ltr'><em>γὰρ</em></span> <span class='ocrx_word' id='word_1_238' title='bbox 1091 2366 1464 2437; x_wconf 82' lang='grc' dir='ltr'><em>πρεσβύτερος</em></span> <span class='ocrx_word' id='word_1_239' title='bbox 1483 2364 1673 2421; x_wconf 73' lang='grc' dir='ltr'><em>συνών</em></span> <span class='ocrx_word' id='word_1_240' title='bbox 1693 2363 1824 2420; x_wconf 81' lang='grc' dir='ltr'><em>οὔθ’</em></span> <span class='ocrx_word' id='word_1_241' title='bbox 1845 2361 1975 2434; x_wconf 80' lang='grc' dir='ltr'><em>ἡμέ-</em></span> <span class='ocrx_word' id='word_1_242' title='bbox 2023 2390 2028 2451; x_wconf 51' lang='lat' dir='ltr'><strong>f</strong></span> 
     </span>
     <span class='ocr_line' id='line_1_28' title="bbox 235 2444 2028 2518; baseline -0.004 -13"><span class='ocrx_word' id='word_1_243' title='bbox 235 2465 269 2505; x_wconf 91' lang='lat' dir='ltr'>D</span> <span class='ocrx_word' id='word_1_244' title='bbox 301 2467 399 2515; x_wconf 90' lang='grc' dir='ltr'><em>ρας</em></span> <span class='ocrx_word' id='word_1_245' title='bbox 428 2444 555 2500; x_wconf 79' lang='grc' dir='ltr'><em>οὔτε</em></span> <span class='ocrx_word' id='word_1_246' title='bbox 585 2444 788 2510; x_wconf 82' lang='grc' dir='ltr'><em>νυκτὸς</em></span> <span class='ocrx_word' id='word_1_247' title='bbox 818 2445 960 2502; x_wconf 75' lang='grc' dir='ltr'><em>ἑκών</em></span> <span class='ocrx_word' id='word_1_248' title='bbox 979 2447 1353 2518; x_wconf 87' lang='grc' dir='ltr'><em>ἀπολείπεται,</em></span> <span class='ocrx_word' id='word_1_249' title='bbox 1392 2446 1513 2503; x_wconf 83' lang='grc' dir='ltr'><em>ἀλλ’</em></span> <span class='ocrx_word' id='word_1_250' title='bbox 1538 2445 1636 2502; x_wconf 80' lang='grc' dir='ltr'><em>ὑπ’</em></span> <span class='ocrx_word' id='word_1_251' title='bbox 1659 2445 1900 2516; x_wconf 84' lang='grc' dir='ltr'><em>ἀνάγκης</em></span> <span class='ocrx_word' id='word_1_252' title='bbox 1919 2466 1974 2499; x_wconf 87' lang='grc' dir='ltr'><em>τε</em></span> <span class='ocrx_word' id='word_1_253' title='bbox 2018 2458 2028 2516; x_wconf 56' lang='grc' dir='ltr'><strong>ῃ</strong></span> 
     </span>
     <span class='ocr_line' id='line_1_29' title="bbox 298 2524 1976 2604; baseline -0.002 -21"><span class='ocrx_word' id='word_1_254' title='bbox 298 2529 390 2583; x_wconf 86' lang='grc' dir='ltr'><em>καὶ</em></span> <span class='ocrx_word' id='word_1_255' title='bbox 420 2535 645 2596; x_wconf 80' lang='grc' dir='ltr'><em>οἴστρου</em></span> <span class='ocrx_word' id='word_1_256' title='bbox 676 2529 987 2600; x_wconf 82' lang='grc' dir='ltr'><em>ἐλαύνεται,</em></span> <span class='ocrx_word' id='word_1_257' title='bbox 1034 2526 1094 2594; x_wconf 81' lang='grc' dir='ltr'><em>ὃς</em></span> <span class='ocrx_word' id='word_1_258' title='bbox 1126 2532 1316 2604; x_wconf 86' lang='grc' dir='ltr'><em>ἐκείνῳ</em></span> <span class='ocrx_word' id='word_1_259' title='bbox 1345 2531 1446 2602; x_wconf 78' lang='grc' dir='ltr'><em>μὲν</em></span> <span class='ocrx_word' id='word_1_260' title='bbox 1463 2528 1669 2601; x_wconf 78' lang='grc' dir='ltr'><em>ἡδονὰς</em></span> <span class='ocrx_word' id='word_1_261' title='bbox 1688 2528 1770 2585; x_wconf 85' lang='grc' dir='ltr'><em>ἀεὶ</em></span> <span class='ocrx_word' id='word_1_262' title='bbox 1792 2524 1976 2590; x_wconf 77' lang='grc' dir='ltr'><em>διδοὺς</em></span> 
     </span>
     <span class='ocr_line' id='line_1_30' title="bbox 298 2605 2019 2685; baseline -0.002 -21"><span class='ocrx_word' id='word_1_263' title='bbox 298 2608 420 2680; x_wconf 78' lang='grc' dir='ltr'><em>ἄγει</em></span> <span class='ocrx_word' id='word_1_264' title='bbox 449 2605 677 2680; x_wconf 80' lang='grc' dir='ltr'><em>ὁρῶντι,</em></span> <span class='ocrx_word' id='word_1_265' title='bbox 716 2608 1004 2682; x_wconf 82' lang='grc' dir='ltr'><em>ἀκούοντι,</em></span> <span class='ocrx_word' id='word_1_266' title='bbox 1047 2609 1334 2685; x_wconf 79' lang='grc' dir='ltr'><em>ἁπτομένῳ</em></span> <span class='ocrx_word' id='word_1_267' title='bbox 1349 2655 1364 2683; x_wconf 88' lang='grc'><em>,</em></span> <span class='ocrx_word' id='word_1_268' title='bbox 1402 2615 1493 2668; x_wconf 86' lang='grc' dir='ltr'><em>καὶ</em></span> <span class='ocrx_word' id='word_1_269' title='bbox 1513 2619 1695 2667; x_wconf 76' lang='grc' dir='ltr'><em>πᾶσαν</em></span> <span class='ocrx_word' id='word_1_270' title='bbox 1714 2617 1974 2677; x_wconf 76' lang='grc' dir='ltr'><em>αἴσθησιν</em></span> <span class='ocrx_word' id='word_1_271' title='bbox 2018 2632 2019 2641; x_wconf 51' lang='lat'>¹</span> 
     </span>
     <span class='ocr_line' id='line_1_31' title="bbox 300 2689 2017 2765; baseline 0.005 -19"><span class='ocrx_word' id='word_1_272' title='bbox 300 2691 686 2765; x_wconf 78' lang='grc' dir='ltr'><em>αἰσθανομένῳ</em></span> <span class='ocrx_word' id='word_1_273' title='bbox 708 2698 810 2747; x_wconf 82' lang='grc' dir='ltr'><em>τοῦ</em></span> <span class='ocrx_word' id='word_1_274' title='bbox 829 2694 1137 2765; x_wconf 84' lang='grc' dir='ltr'><em>ἐρωμένου,</em></span> <span class='ocrx_word' id='word_1_275' title='bbox 1163 2693 1299 2749; x_wconf 78' lang='grc' dir='ltr'><em>ὥστε</em></span> <span class='ocrx_word' id='word_1_276' title='bbox 1318 2692 1447 2764; x_wconf 84' lang='grc' dir='ltr'><em>μεθ’</em></span> <span class='ocrx_word' id='word_1_277' title='bbox 1469 2691 1672 2765; x_wconf 79' lang='grc' dir='ltr'><em>ἡδονῆς</em></span> <span class='ocrx_word' id='word_1_278' title='bbox 1693 2689 1976 2761; x_wconf 68' lang='grc' dir='ltr'><em>ἀραρότως</em></span> <span class='ocrx_word' id='word_1_279' title='bbox 2016 2720 2017 2738; x_wconf 81' lang='lat'>³</span> 
     </span>
     <span class='ocr_line' id='line_1_32' title="bbox 298 2767 1976 2849; baseline -0.001 -21"><span class='ocrx_word' id='word_1_280' title='bbox 298 2772 449 2847; x_wconf 79' lang='grc' dir='ltr'><em>αὐτῷ</em></span> <span class='ocrx_word' id='word_1_281' title='bbox 470 2771 788 2844; x_wconf 80' lang='grc' dir='ltr'><em>ὑπηρετεῖν·</em></span> <span class='ocrx_word' id='word_1_282' title='bbox 828 2781 906 2848; x_wconf 73' lang='grc' dir='ltr'><em>τῷ</em></span> <span class='ocrx_word' id='word_1_283' title='bbox 938 2778 996 2829; x_wconf 81' lang='grc' dir='ltr'><em>δὲ</em></span> <span class='ocrx_word' id='word_1_284' title='bbox 1017 2775 1082 2846; x_wconf 82' lang='grc' dir='ltr'><em>δὴ</em></span> <span class='ocrx_word' id='word_1_285' title='bbox 1106 2778 1361 2849; x_wconf 83' lang='grc' dir='ltr'><em>ἐρωμένῳ</em></span> <span class='ocrx_word' id='word_1_286' title='bbox 1382 2786 1542 2830; x_wconf 80' lang='grc' dir='ltr'><em>ποῖον</em></span> <span class='ocrx_word' id='word_1_287' title='bbox 1561 2771 1921 2843; x_wconf 82' lang='grc' dir='ltr'><em>παραμύθιον</em></span> <span class='ocrx_word' id='word_1_288' title='bbox 1939 2767 1976 2840; x_wconf 75' lang='grc' dir='ltr'>ἤ</span> 
     </span>
     <span class='ocr_line' id='line_1_33' title="bbox 298 2851 1970 2928; baseline -0.001 -18"><span class='ocrx_word' id='word_1_289' title='bbox 298 2861 450 2920; x_wconf 91' lang='grc' dir='ltr'><em>τίνας</em></span> <span class='ocrx_word' id='word_1_290' title='bbox 467 2855 672 2928; x_wconf 78' lang='grc' dir='ltr'><em>ἡδονὰς</em></span> <span class='ocrx_word' id='word_1_291' title='bbox 702 2852 890 2921; x_wconf 80' lang='grc' dir='ltr'><em>διδοὺς</em></span> <span class='ocrx_word' id='word_1_292' title='bbox 919 2851 1132 2926; x_wconf 82' lang='grc' dir='ltr'><em>ποιήσει</em></span> <span class='ocrx_word' id='word_1_293' title='bbox 1151 2857 1249 2913; x_wconf 85' lang='grc' dir='ltr'><em>τὸν</em></span> <span class='ocrx_word' id='word_1_294' title='bbox 1268 2865 1392 2912; x_wconf 79' lang='grc' dir='ltr'><em>ἴσον</em></span> <span class='ocrx_word' id='word_1_295' title='bbox 1409 2853 1616 2926; x_wconf 87' lang='grc' dir='ltr'><em>χρόνον</em></span> <span class='ocrx_word' id='word_1_296' title='bbox 1635 2853 1878 2909; x_wconf 89' lang='grc' dir='ltr'><em>συνόντα</em></span> <span class='ocrx_word' id='word_1_297' title='bbox 1898 2852 1970 2923; x_wconf 80' lang='grc' dir='ltr'><em>μη</em></span> 
     </span>
    </p>
   </div>
   <div class='ocr_carea' id='block_1_3' title="bbox 2006 2527 2028 3198">
    <p class='ocr_par' dir='ltr' id='par_1_3' title="bbox 2006 2527 2028 3198">
     <span class='ocr_line' id='line_1_34' title="bbox 2006 2527 2028 3198; baseline 0 0"><span class='ocrx_word' id='word_1_298' title='bbox 2006 2527 2028 3198; x_wconf 95' lang='lat' dir='ltr'><em> </em></span> 
     </span>
    </p>
   </div>
  </div>
 </body>
</html>
