2028 3198
199 1903 284 1946 220

323 104 423 156 196
885 101 1396 176 ,ΠΛΑΤΩΝΟΣ
1584 123 1587 126 ·
1666 166 1673 169 -
1751 75 1754 77 ’
1949 111 2007 155 58

321 238 540 311 ὕβρισε·
582 241 778 306 καίπερ
800 235 979 293 ἐκεῖνό
998 257 1060 306 γε
1092 234 1251 309 ᾤ’μην
1279 237 1329 291 τὶ
1359 233 1529 308 εἶναι,
1568 229 1614 292 ὦ
1630 236 1830 307 ἄνδρες
1848 239 2007 293 δικα-

322 325 448 376 σταί
458 342 468 352 ·
502 321 754 374 δικασταὶ
782 319 890 390 γάρ
911 321 1030 374 ἐστε
1046 325 1142 389 τῆς
1159 319 1500 387 Σωκράτους
1517 317 1915 391 ὑπερηφανίας.
1941 314 2006 374 εὖ

320 402 424 475 γὰρ
448 410 563 458 ἴστε
581 399 658 472 μά
678 401 880 472 θεούς,
902 399 978 472 μά
998 400 1162 471 θεάς,
1184 399 1351 458 οὐδὲν
1371 401 1755 471 περιττότερον
1773 405 1997 458 καταδε-

324 485 621 557 δαρθηκως
651 482 890 556 ἀνέστην
918 482 1052 555 μετὰ
1083 484 1450 553 Σωκράτους,
1487 480 1525 555 ἦ
1557 489 1607 540 εἰ
1631 482 1764 554 μετὰ
1801 482 2005 551 πατρὸς

316 571 610 639 καθηῦδον
629 564 666 638 ἦ
685 564 935 636 ἀδελφοῦ
954 571 1347 637 πρεσβυτέρου.

455 654 665 706 XXXV.
741 649 816 705 Τὸ
849 646 915 720 δὴ
948 648 1083 720 μετὰ
1114 655 1276 704 τοῦτο
1307 653 1430 704 τίνα
1461 653 1650 706 οἴεσθέ
1666 671 1733 721 με
1754 649 2007 706 διάνοιαν

318 737 476 802 ἔχειν,
500 730 819 803 ἡγούμενον
838 732 942 803 μὲν
958 729 1280 802 η’τιμάσθαι,
1301 730 1583 804 ἀγάμενον
1602 733 1781 804 δὲτὴν
1800 734 2005 788 τούτου

318 814 492 884 φύσιν
510 836 567 869 τε
586 817 678 870 καὶ
696 815 1075 886 σωφροσύνην
1086 816 1176 870 καὶ
1189 812 1469 886 ἀνδρείαν,
1491 815 1883 886 ἐντετυχηκότα
1906 813 2007 870 ἀν-

315 896 531 995 θρωπῳ
559 896 813 969 τοιούτῳ,
848 899 943 970 οἵῳ
975 894 1080 967 ἐγώ
1104 894 1208 952 οὐκ
1238 894 1310 952 ἀν
1342 897 1499 971 ςὸμην
1516 897 1649 953 ποτὲ
1666 900 1912 967 ἐντυχεῖν
1933 902 2008 961 εἰς

317 978 592 1049 φρόνησιν
621 980 712 1033 καὶ
742 983 818 1043 εἰς
845 986 1167 1050 καρτερίαν;
1207 978 1344 1035 ω’στε
1375 978 1508 1035 ούθ’
1541 1001 1691 1045 οπως
1720 973 1825 1035 οὖν
1853 977 2007 1050 ὀργι-

317 1066 508 1131 ζοίμην
540 1059 689 1131 εἶχον
715 1063 807 1117 καὶ
842 1059 1285 1134 ἀποστερηθείην
1321 1069 1415 1134 τῆς
1448 1064 1651 1119 τούτου
1686 1069 2004 1131 συνουσίας,

316 1140 440 1199 οὔθ’
463 1141 573 1214 ὅπῃ
593 1149 1047 1214 προσαγαγοίμην
1063 1143 1237 1199 αὐτὸν
1250 1144 1545 1215 εὐπόρουν.
1572 1138 1638 1200 εὖ
1654 1144 1760 1214 γὰρ
1777 1142 1942 1216 η’δη,
1922 1142 2007 1198 ότι

315 1226 560 1298 χρήμασί
591 1247 649 1280 τε
687 1224 831 1281 πολυ
859 1232 1073 1297 μᾶλλον
1104 1226 1346 1297 άτρωτος
1372 1224 1445 1299 ἦν
1463 1236 1714 1300 πανταχῇ
1741 1251 1775 1299 η
1797 1228 2004 1300 σιδήρῳ

316 1308 345 1365 ὁ
366 1317 534 1379 Αἶας,
577 1301 624 1382 ᾤ
640 1329 698 1363 τε
719 1305 877 1381 ᾆίμην
897 1306 1072 1363 αὐτὸν
1091 1311 1247 1385 μόνω
1271 1310 1617 1380 ἁλώσεσθαι,
1657 1310 2008 1380 διεπεφεύγει

316 1413 396 1463 με.
419 1389 674 1463 ἠπόρουν
694 1391 780 1461 δή,
801 1394 1356 1463 καταδεδουλωμένος
1374 1415 1431 1449 τε
1448 1391 1557 1448 ὑπὸ
1576 1400 1679 1449 τοῦ
1693 1390 2005 1462 ἀνθρώπου

318 1473 391 1539 ὥς
425 1472 606 1539 οὐδεὶς
634 1471 732 1528 ὑπ’
768 1471 997 1551 ούδενὸς
1026 1473 1198 1530 ἄλλον
1228 1481 1440 1547 περιῇα.
1481 1475 1655 1530 ταῦτά
1683 1497 1742 1530 τε
1771 1476 1879 1546 γάρ
1913 1497 2007 1545 μοι

315 1557 531 1612 ἅπαντα
561 1555 952 1627 προύγεγόνει,
992 1559 1083 1612 καὶ
1112 1556 1246 1628 μετὰ
1275 1565 1448 1613 ταῦτα
1476 1562 1728 1627 στρατεία
1758 1555 1892 1628 ἡμῖν
1931 1562 2005 1622 εἰς

313 1644 618 1698 Ποτίδαιαν
647 1643 863 1711 ἐγένετο
897 1641 1055 1712 κοινὴ
1077 1644 1168 1698 καὶ
1188 1647 1585 1711 συνεσιτοῦμεν
1615 1642 1741 1696 ἐκεῖ.
1782 1646 2004 1711 πρῶτον

314 1725 415 1794 μὲν
436 1717 540 1780 οὖν
559 1735 672 1789 τοῖς
700 1724 893 1789 πόνοις
918 1723 987 1779 οὐ
1008 1725 1186 1795 μόνον
1205 1727 1343 1795 ἐμοῦ
1363 1730 1587 1795 περιῆν,
1619 1721 1757 1778 ἀλλά
1785 1724 2005 1777 καὶτῶν

313 1806 499 1862 ἄλλων
535 1805 813 1862 ἁπάντων.
867 1805 1025 1863 ὁπότ’
1064 1807 1547 1878 ἀναγκασθείημεν
1587 1804 2004 1876 ἀποληφθέντες

313 1909 451 1960 που,
493 1887 583 1945 οἶα
605 1887 671 1961 δὴ
696 1892 784 1945 ἐπὶ
803 1897 1112 1960 στρατείας,
1160 1890 1392 1958 ἀσιτεῖν,
1432 1887 1598 1945 ούδεν
1616 1907 1760 1959 ησαν
1777 1892 1833 1944 οἱ
1847 1887 2004 1944 άλλοι

315 1970 454 2042 πρὸς
472 1970 533 2028 τὸ
551 1983 862 2043 καρτερεῖν·
884 1977 944 2028 ἐν
962 1971 1001 2028 τ’
1019 1977 1091 2027 αὐ
1108 1984 1224 2036 ταῖς
1241 1971 1491 2042 εὐωχίαις
1507 1972 1677 2041 μόνος
1697 1971 1999 2026 ἀπολαύειν

315 2053 432 2120 οἶός
451 2053 494 2110 τ’
514 2049 587 2126 ἦν
606 2056 672 2110 τά
690 2054 733 2111 τ’
753 2054 893 2112 ἄλλα
914 2058 1004 2112 καὶ
1024 2061 1206 2111 πίνειν
1225 2053 1328 2110 οὐκ
1360 2057 1600 2124 ἐθέλων,
1641 2051 1808 2109 ὁπότε
1828 2051 2011 2123 ἀναγε

316 2145 550 2209 κασθείη
564 2181 578 2208 ,
620 2138 831 2204 πάντας
850 2140 1089 2210 ἐκράτει,
1110 2140 1200 2195 καὶ
1220 2135 1251 2192 ὃ
1274 2137 1500 2192 πάντων
1518 2135 2000 2207 θαυμαστότατον,

316 2219 590 2291 Σωκράτη
619 2221 906 2291 μεθύοντα
938 2219 1118 2286 οὐδεὶς
1147 2221 1365 2276 πώποτε
1396 2220 1642 2289 ἑώρακεν
1660 2218 2028 2288 ἀνθρώπων.

313 2303 520 2358 τούτου
550 2325 652 2374 μεν
683 2325 788 2358 ουν
817 2326 911 2374 μοι
942 2308 1097 2359 δοκεῖ
1121 2327 1213 2359 και
1242 2301 1439 2359 αὐτίκα
1461 2301 1488 2358 ὁ
1513 2307 1730 2374 ἐλεγχος
1751 2307 1999 2358 ἔσεσθαι·
2025 2326 2028 2367 i

313 2384 450 2455 πρὸς
479 2386 538 2441 δε
565 2389 637 2441 αὑ
669 2388 766 2452 τάς
795 2394 898 2443 τοῦ
926 2408 1190 2459 χειμωνος
1218 2386 1574 2457 καρτερήσεις
1608 2418 1668 2427 —
1703 2386 1871 2440 δεινοὶ
1892 2370 2028 2456 γὰρρ

313 2465 515 2523 αὐτόθι
542 2489 804 2539 χειμωνες
822 2505 893 2513 -
912 2470 1199 2541 θαυμάσια
1229 2471 1501 2540 εἰργάζετο
1531 2470 1597 2525 τά
1619 2491 1677 2525 τε
1706 2467 1871 2537 ἄλλα,
1910 2476 2005 2522 καί
2019 2457 2028 2547 f

313 2570 444 2605 ποτε
484 2548 646 2615 όντος
687 2551 870 2622 πάγου
906 2556 1029 2608 οιου
1067 2554 1415 2622 δεινοτάτου,
1454 2554 1546 2608 καὶ
1577 2552 1803 2608 πάντων
1828 2573 1861 2621 η
1898 2550 2024 2626 ofin}

313 2632 573 2698 ἐξιόντων
593 2636 830 2689 ἔνδοθεν
846 2677 861 2705 ,
889 2631 924 2706 η’
947 2644 1091 2700 εἴτις
1110 2638 1238 2701 ἐξίοι
1252 2679 1265 2706 ,
1286 2633 1679 2707 ἠμφιεσμένων
1698 2655 1755 2688 τε
1775 2641 2001 2704 θαυμα-

314 2712 415 2769 στὰ
437 2713 502 2786 δὴ
528 2713 632 2770 ὅσα
662 2718 752 2770 καὶ
783 2713 1204 2788 ὑποδεδεμένων
1222 2722 1313 2775 καὶ
1342 2719 1728 2788 ἐνειλιγμένων
1746 2715 1874 2782 τούς
1895 2718 2002 2772 πό-

317 2799 413 2860 δας
442 2801 517 2860 είς
545 2802 738 2862 πίλους
767 2802 853 2854 καὶ
885 2798 1210 2873 ἀρνακίδας,
1250 2795 1413 2867 οὗτος
1443 2798 1494 2855 δ’
1529 2802 1590 2855 ἐν
1617 2801 1831 2865 τούτοις
1861 2801 2000 2872 ἐξῄει
