<?xml version="1.0" encoding="UTF-8"?>
<!DOCTYPE html PUBLIC "-//W3C//DTD XHTML 1.0 Transitional//EN"
    "http://www.w3.org/TR/xhtml1/DTD/xhtml1-transitional.dtd">
<html xmlns="http://www.w3.org/1999/xhtml" xml:lang="en" lang="en">
 <head>
  <title>
</title>
<meta http-equiv="Content-Type" content="text/html;charset=utf-8" />
  <meta name='ocr-system' content='tesseract 3.04.00' />
  <meta name='ocr-capabilities' content='ocr_page ocr_carea ocr_par ocr_line ocrx_word'/>
</head>
<body>
  <div class='ocr_page' id='page_1' title='image "./dialogisecumdumt02platuoft_0057.png"; bbox 0 0 2028 3198; ppageno 0'>
   <div class='ocr_carea' id='block_1_1' title="bbox 597 137 1736 190">
    <p class='ocr_par' dir='ltr' id='par_1_1' title="bbox 597 137 1736 190">
     <span class='ocr_line' id='line_1_1' title="bbox 597 137 1736 190; baseline 0.004 -4"><span class='ocrx_word' id='word_1_1' title='bbox 597 138 1185 188; x_wconf 81' lang='grc' dir='ltr'><em>ΠΑΡΜΕΝΙΔΗΣ.</em></span> <span class='ocrx_word' id='word_1_2' title='bbox 1667 137 1736 190; x_wconf 80' lang='lat'><strong><em>27</em></strong></span> 
     </span>
    </p>
   </div>
   <div class='ocr_carea' id='block_1_2' title="bbox 0 379 113 2812">
    <p class='ocr_par' dir='ltr' id='par_1_2' title="bbox 0 379 113 2812">
     <span class='ocr_line' id='line_1_2' title="bbox 0 379 29 626; baseline 0 -84"><span class='ocrx_word' id='word_1_3' title='bbox 0 379 29 626; x_wconf 95' lang='lat' dir='ltr'><strong><em>   </em></strong></span> 
     </span>
     <span class='ocr_line' id='line_1_3' title="bbox 0 626 82 792; baseline 0 -86"><span class='ocrx_word' id='word_1_4' title='bbox 0 626 82 792; x_wconf 95' lang='lat' dir='ltr'><strong><em>   </em></strong></span> 
     </span>
     <span class='ocr_line' id='line_1_4' title="bbox 0 792 31 1038; baseline 0 -81"><span class='ocrx_word' id='word_1_5' title='bbox 0 792 31 1038; x_wconf 95' lang='lat' dir='ltr'><strong><em>    </em></strong></span> 
     </span>
     <span class='ocr_line' id='line_1_5' title="bbox 0 1038 31 1285; baseline 0 -162"><span class='ocrx_word' id='word_1_6' title='bbox 0 1038 31 1285; x_wconf 95' lang='lat' dir='ltr'><strong><em>   </em></strong></span> 
     </span>
     <span class='ocr_line' id='line_1_6' title="bbox 0 1285 73 1537; baseline 0 0"><span class='ocrx_word' id='word_1_7' title='bbox 0 1285 73 1537; x_wconf 95' lang='lat' dir='ltr'><strong><em>    </em></strong></span> 
     </span>
     <span class='ocr_line' id='line_1_7' title="bbox 0 1537 32 1703; baseline 0 0"><span class='ocrx_word' id='word_1_8' title='bbox 0 1537 32 1703; x_wconf 95' lang='lat' dir='ltr'><strong><em>  </em></strong></span> 
     </span>
     <span class='ocr_line' id='line_1_8' title="bbox 0 1703 113 1968; baseline 0 -100"><span class='ocrx_word' id='word_1_9' title='bbox 0 1703 113 1968; x_wconf 95' lang='lat' dir='ltr'><strong><em>    </em></strong></span> 
     </span>
     <span class='ocr_line' id='line_1_9' title="bbox 0 1968 99 2196; baseline 0 -76"><span class='ocrx_word' id='word_1_10' title='bbox 0 1968 99 2196; x_wconf 95' lang='lat' dir='ltr'><strong><em>    </em></strong></span> 
     </span>
     <span class='ocr_line' id='line_1_10' title="bbox 0 2196 67 2381; baseline 0 -16"><span class='ocrx_word' id='word_1_11' title='bbox 0 2196 67 2381; x_wconf 95' lang='lat' dir='ltr'><strong><em>    </em></strong></span> 
     </span>
     <span class='ocr_line' id='line_1_11' title="bbox 0 2381 66 2606; baseline 0 -77"><span class='ocrx_word' id='word_1_12' title='bbox 0 2381 66 2606; x_wconf 95' lang='lat' dir='ltr'><strong><em>    </em></strong></span> 
     </span>
     <span class='ocr_line' id='line_1_12' title="bbox 0 2606 84 2812; baseline 0.06 -134"><span class='ocrx_word' id='word_1_13' title='bbox 0 2606 84 2812; x_wconf 95' lang='lat' dir='ltr'><strong><em>    </em></strong></span> 
     </span>
    </p>
   </div>
   <div class='ocr_carea' id='block_1_3' title="bbox 30 268 1834 2899">
    <p class='ocr_par' dir='ltr' id='par_1_3' title="bbox 30 268 1834 2899">
     <span class='ocr_line' id='line_1_13' title="bbox 34 268 1734 343; baseline 0 -16"><span class='ocrx_word' id='word_1_14' title='bbox 34 271 151 328; x_wconf 72' lang='grc' dir='ltr'><strong><em>ἐστὶ</em></strong></span> <span class='ocrx_word' id='word_1_15' title='bbox 172 270 264 326; x_wconf 79' lang='grc' dir='ltr'><strong><em>καὶ</em></strong></span> <span class='ocrx_word' id='word_1_16' title='bbox 284 271 487 327; x_wconf 80' lang='grc' dir='ltr'><strong><em>ἑαυτοῦ</em></strong></span> <span class='ocrx_word' id='word_1_17' title='bbox 504 271 595 327; x_wconf 79' lang='grc' dir='ltr'><strong><em>καὶ</em></strong></span> <span class='ocrx_word' id='word_1_18' title='bbox 615 268 824 326; x_wconf 80' lang='grc' dir='ltr'><strong><em>ταύτὸν</em></strong></span> <span class='ocrx_word' id='word_1_19' title='bbox 840 273 1073 336; x_wconf 79' lang='grc' dir='ltr'><strong><em>ἐκείνοις</em></strong></span> <span class='ocrx_word' id='word_1_20' title='bbox 1091 293 1150 327; x_wconf 91' lang='grc' dir='ltr'><strong><em>τε</em></strong></span> <span class='ocrx_word' id='word_1_21' title='bbox 1170 273 1263 328; x_wconf 77' lang='grc' dir='ltr'><strong><em>καὶ</em></strong></span> <span class='ocrx_word' id='word_1_22' title='bbox 1282 272 1476 343; x_wconf 73' lang='grc' dir='ltr'><strong><em>ἑαυτῷ.</em></strong></span> <span class='ocrx_word' id='word_1_23' title='bbox 1516 275 1734 327; x_wconf 82' lang='grc' dir='ltr'><strong><em>Κινδυ-</em></strong></span> 
     </span>
     <span class='ocr_line' id='line_1_14' title="bbox 38 347 1796 427; baseline 0.002 -18"><span class='ocrx_word' id='word_1_24' title='bbox 38 353 191 409; x_wconf 82' lang='grc' dir='ltr'><strong><em>νεύει</em></strong></span> <span class='ocrx_word' id='word_1_25' title='bbox 208 359 514 424; x_wconf 78' lang='grc' dir='ltr'><strong><em>φαίνεσθαι</em></strong></span> <span class='ocrx_word' id='word_1_26' title='bbox 532 357 592 408; x_wconf 80' lang='grc' dir='ltr'><strong><em>ἔκ</em></strong></span> <span class='ocrx_word' id='word_1_27' title='bbox 610 374 674 423; x_wconf 78' lang='grc' dir='ltr'><strong><em>γε</em></strong></span> <span class='ocrx_word' id='word_1_28' title='bbox 692 358 796 408; x_wconf 82' lang='grc' dir='ltr'><strong><em>τοῦ</em></strong></span> <span class='ocrx_word' id='word_1_29' title='bbox 814 353 1006 423; x_wconf 77' lang='grc' dir='ltr'><strong><em>λόγου.</em></strong></span> <span class='ocrx_word' id='word_1_30' title='bbox 1054 347 1175 423; x_wconf 70' lang='grc' dir='ltr'><strong><em>Ἆρ’</em></strong></span> <span class='ocrx_word' id='word_1_31' title='bbox 1207 347 1316 410; x_wconf 78' lang='grc' dir='ltr'><strong><em>οὖν</em></strong></span> <span class='ocrx_word' id='word_1_32' title='bbox 1341 355 1433 410; x_wconf 84' lang='grc' dir='ltr'><strong><em>καὶ</em></strong></span> <span class='ocrx_word' id='word_1_33' title='bbox 1453 353 1654 427; x_wconf 79' lang='grc' dir='ltr'><strong><em>ὅμοιόν</em></strong></span> <span class='ocrx_word' id='word_1_34' title='bbox 1672 377 1730 411; x_wconf 89' lang='grc' dir='ltr'><strong><em>τε</em></strong></span> <span class='ocrx_word' id='word_1_35' title='bbox 1765 363 1796 406; x_wconf 83' lang='lat' dir='ltr'>G</span> 
     </span>
     <span class='ocr_line' id='line_1_15' title="bbox 35 433 1728 509; baseline 0.002 -19"><span class='ocrx_word' id='word_1_36' title='bbox 35 437 130 491; x_wconf 79' lang='grc' dir='ltr'><strong><em>καὶ</em></strong></span> <span class='ocrx_word' id='word_1_37' title='bbox 167 433 436 506; x_wconf 84' lang='grc' dir='ltr'><strong><em>άνόμοιον</em></strong></span> <span class='ocrx_word' id='word_1_38' title='bbox 477 434 657 508; x_wconf 75' lang='grc' dir='ltr'><strong><em>ἐαυτῷ</em></strong></span> <span class='ocrx_word' id='word_1_39' title='bbox 681 456 741 490; x_wconf 83' lang='grc' dir='ltr'><strong><em>τε</em></strong></span> <span class='ocrx_word' id='word_1_40' title='bbox 769 436 861 491; x_wconf 84' lang='grc' dir='ltr'><strong><em>καὶ</em></strong></span> <span class='ocrx_word' id='word_1_41' title='bbox 887 447 1003 501; x_wconf 85' lang='grc' dir='ltr'><strong><em>τοῖς</em></strong></span> <span class='ocrx_word' id='word_1_42' title='bbox 1031 435 1242 502; x_wconf 77' lang='grc' dir='ltr'><strong><em>ἅλλοις;</em></strong></span> <span class='ocrx_word' id='word_1_43' title='bbox 1284 436 1462 502; x_wconf 85' lang='grc' dir='ltr'><strong><em>Ἴσως.</em></strong></span> <span class='ocrx_word' id='word_1_44' title='bbox 1514 435 1728 509; x_wconf 80' lang='grc' dir='ltr'><strong><em>Ἐπειδὴ</em></strong></span> 
     </span>
     <span class='ocr_line' id='line_1_16' title="bbox 30 513 1728 591; baseline 0.001 -18"><span class='ocrx_word' id='word_1_45' title='bbox 30 522 181 589; x_wconf 69' lang='grc' dir='ltr'><strong><em>γοῦν</em></strong></span> <span class='ocrx_word' id='word_1_46' title='bbox 209 518 401 587; x_wconf 79' lang='grc' dir='ltr'><strong><em>ἕτερον</em></strong></span> <span class='ocrx_word' id='word_1_47' title='bbox 428 521 543 572; x_wconf 76' lang='grc' dir='ltr'><strong><em>τῶν</em></strong></span> <span class='ocrx_word' id='word_1_48' title='bbox 572 514 762 572; x_wconf 79' lang='grc' dir='ltr'><strong><em>ἄλλων</em></strong></span> <span class='ocrx_word' id='word_1_49' title='bbox 787 517 998 590; x_wconf 80' lang='grc' dir='ltr'><em>ἐφάνη,</em></span> <span class='ocrx_word' id='word_1_50' title='bbox 1038 521 1132 575; x_wconf 82' lang='grc' dir='ltr'><strong><em>καὶ</em></strong></span> <span class='ocrx_word' id='word_1_51' title='bbox 1160 513 1333 575; x_wconf 83' lang='grc' dir='ltr'><strong><em>τᾶλλά</em></strong></span> <span class='ocrx_word' id='word_1_52' title='bbox 1354 539 1465 576; x_wconf 90' lang='grc' dir='ltr'><strong><em>που</em></strong></span> <span class='ocrx_word' id='word_1_53' title='bbox 1485 517 1629 591; x_wconf 80' lang='grc' dir='ltr'><strong><em>ἕτερ’</em></strong></span> <span class='ocrx_word' id='word_1_54' title='bbox 1655 516 1728 575; x_wconf 72' lang='grc' dir='ltr'><strong><em>ἄν</em></strong></span> 
     </span>
     <span class='ocr_line' id='line_1_17' title="bbox 33 598 1727 672; baseline 0.001 -16"><span class='ocrx_word' id='word_1_55' title='bbox 33 601 255 656; x_wconf 77' lang='grc' dir='ltr'><strong><em>ἐκείνου</em></strong></span> <span class='ocrx_word' id='word_1_56' title='bbox 289 606 386 671; x_wconf 75' lang='grc' dir='ltr'><strong><em>εἴη.</em></strong></span> <span class='ocrx_word' id='word_1_57' title='bbox 448 603 519 655; x_wconf 81' lang='grc' dir='ltr'><strong><em>Τι’</em></strong></span> <span class='ocrx_word' id='word_1_58' title='bbox 540 598 682 670; x_wconf 84' lang='grc' dir='ltr'><strong><em>μήν;</em></strong></span> <span class='ocrx_word' id='word_1_59' title='bbox 724 601 956 655; x_wconf 81' lang='grc' dir='ltr'><strong><em>Οὐκοῦν</em></strong></span> <span class='ocrx_word' id='word_1_60' title='bbox 985 598 1164 666; x_wconf 75' lang='grc' dir='ltr'><strong><em>οὕτως</em></strong></span> <span class='ocrx_word' id='word_1_61' title='bbox 1183 601 1374 672; x_wconf 81' lang='grc' dir='ltr'><strong><em>ἕτερον</em></strong></span> <span class='ocrx_word' id='word_1_62' title='bbox 1391 608 1505 657; x_wconf 76' lang='grc' dir='ltr'><strong><em>τῶν</em></strong></span> <span class='ocrx_word' id='word_1_63' title='bbox 1523 601 1727 672; x_wconf 72' lang='grc' dir='ltr'><strong><em>ἄλλων,</em></strong></span> 
     </span>
     <span class='ocr_line' id='line_1_18' title="bbox 55 675 1727 756; baseline 0.002 -18"><span class='ocrx_word' id='word_1_64' title='bbox 55 680 224 752; x_wconf 77' lang='grc' dir='ltr'><strong><em>”σπερ</em></strong></span> <span class='ocrx_word' id='word_1_65' title='bbox 246 684 339 739; x_wconf 79' lang='grc' dir='ltr'><strong><em>καὶ</em></strong></span> <span class='ocrx_word' id='word_1_66' title='bbox 367 675 539 739; x_wconf 80' lang='grc' dir='ltr'><em>τᾶλλα</em></span> <span class='ocrx_word' id='word_1_67' title='bbox 568 684 814 752; x_wconf 74' lang='grc' dir='ltr'><strong><em>ἐκείνου,</em></strong></span> <span class='ocrx_word' id='word_1_68' title='bbox 854 684 946 739; x_wconf 86' lang='grc' dir='ltr'><strong><em>καὶ</em></strong></span> <span class='ocrx_word' id='word_1_69' title='bbox 971 681 1100 739; x_wconf 81' lang='grc' dir='ltr'><strong><em>οὔτε</em></strong></span> <span class='ocrx_word' id='word_1_70' title='bbox 1128 689 1344 755; x_wconf 79' lang='grc' dir='ltr'><strong><em>μᾶλλον</em></strong></span> <span class='ocrx_word' id='word_1_71' title='bbox 1362 682 1500 740; x_wconf 79' lang='grc' dir='ltr'><strong><em>οὔθ’</em></strong></span> <span class='ocrx_word' id='word_1_72' title='bbox 1531 679 1727 756; x_wconf 72' lang='grc' dir='ltr'><strong><em>ἥττους</em></strong></span> 
     </span>
     <span class='ocr_line' id='line_1_19' title="bbox 42 759 1723 838; baseline 0.002 -18"><span class='ocrx_word' id='word_1_73' title='bbox 42 770 114 821; x_wconf 82' lang='grc' dir='ltr'><strong><em>Τί</em></strong></span> <span class='ocrx_word' id='word_1_74' title='bbox 124 764 232 835; x_wconf 76' lang='grc' dir='ltr'><strong><em>γάρ</em></strong></span> <span class='ocrx_word' id='word_1_75' title='bbox 250 764 351 830; x_wconf 73' lang='grc' dir='ltr'><strong><em>ἄνς</em></strong></span> <span class='ocrx_word' id='word_1_76' title='bbox 373 770 445 821; x_wconf 79' lang='grc' dir='ltr'><strong><em>Εἰ</em></strong></span> <span class='ocrx_word' id='word_1_77' title='bbox 461 763 569 835; x_wconf 76' lang='grc' dir='ltr'><strong><em>ἄρα</em></strong></span> <span class='ocrx_word' id='word_1_78' title='bbox 588 764 723 837; x_wconf 86' lang='grc' dir='ltr'><strong><em>μήτε</em></strong></span> <span class='ocrx_word' id='word_1_79' title='bbox 742 772 956 837; x_wconf 80' lang='grc' dir='ltr'><strong><em>μᾶλλον</em></strong></span> <span class='ocrx_word' id='word_1_80' title='bbox 976 764 1114 837; x_wconf 83' lang='grc' dir='ltr'><strong><em>μήθ’</em></strong></span> <span class='ocrx_word' id='word_1_81' title='bbox 1138 759 1323 837; x_wconf 81' lang='grc' dir='ltr'><strong><em>ἧττον,</em></strong></span> <span class='ocrx_word' id='word_1_82' title='bbox 1345 764 1560 838; x_wconf 87' lang='grc' dir='ltr'><strong><em>ὁμοίως.</em></strong></span> <span class='ocrx_word' id='word_1_83' title='bbox 1595 774 1723 824; x_wconf 89' lang='grc' dir='ltr'><em>Ναί.</em></span> 
     </span>
     <span class='ocr_line' id='line_1_20' title="bbox 38 840 1725 920; baseline 0.002 -18"><span class='ocrx_word' id='word_1_84' title='bbox 38 844 274 903; x_wconf 79' lang='grc' dir='ltr'><strong><em>Οὐκοῦν</em></strong></span> <span class='ocrx_word' id='word_1_85' title='bbox 303 840 341 918; x_wconf 80' lang='grc' dir='ltr'><strong><em>ᾖ</em></strong></span> <span class='ocrx_word' id='word_1_86' title='bbox 367 848 559 916; x_wconf 80' lang='grc' dir='ltr'><strong><em>ἕτερον</em></strong></span> <span class='ocrx_word' id='word_1_87' title='bbox 587 846 730 903; x_wconf 81' lang='grc' dir='ltr'><strong><em>εἶναι</em></strong></span> <span class='ocrx_word' id='word_1_88' title='bbox 757 850 1007 905; x_wconf 82' lang='grc' dir='ltr'><strong><em>πέπονθε</em></strong></span> <span class='ocrx_word' id='word_1_89' title='bbox 1035 856 1150 906; x_wconf 75' lang='grc' dir='ltr'><strong><em>τῶν</em></strong></span> <span class='ocrx_word' id='word_1_90' title='bbox 1182 849 1397 920; x_wconf 78' lang='grc' dir='ltr'><strong><em>ἄλλων,</em></strong></span> <span class='ocrx_word' id='word_1_91' title='bbox 1438 851 1532 906; x_wconf 85' lang='grc' dir='ltr'><strong><em>καὶ</em></strong></span> <span class='ocrx_word' id='word_1_92' title='bbox 1548 845 1725 907; x_wconf 81' lang='grc' dir='ltr'><em>τᾶλλα</em></span> 
     </span>
     <span class='ocr_line' id='line_1_21' title="bbox 32 925 1725 1003; baseline 0.001 -17"><span class='ocrx_word' id='word_1_93' title='bbox 32 930 255 986; x_wconf 76' lang='grc' dir='ltr'><strong><em>ἐκείνου</em></strong></span> <span class='ocrx_word' id='word_1_94' title='bbox 274 926 564 1000; x_wconf 78' lang='grc' dir='ltr'><strong><em>ὡσαύτως,</em></strong></span> <span class='ocrx_word' id='word_1_95' title='bbox 595 930 768 1003; x_wconf 83' lang='grc' dir='ltr'><strong><em>ταύτῃ</em></strong></span> <span class='ocrx_word' id='word_1_96' title='bbox 786 928 993 986; x_wconf 82' lang='grc' dir='ltr'><strong><em>ταύτὸν</em></strong></span> <span class='ocrx_word' id='word_1_97' title='bbox 1011 925 1083 986; x_wconf 79' lang='grc' dir='ltr'><strong><em>οἲν</em></strong></span> <span class='ocrx_word' id='word_1_98' title='bbox 1101 931 1426 988; x_wconf 80' lang='grc' dir='ltr'><strong><em>πεπονθότα</em></strong></span> <span class='ocrx_word' id='word_1_99' title='bbox 1454 931 1565 988; x_wconf 85' lang='grc' dir='ltr'><strong><em>εἷεν</em></strong></span> <span class='ocrx_word' id='word_1_100' title='bbox 1585 932 1647 988; x_wconf 84' lang='grc' dir='ltr'><strong><em>τό</em></strong></span> <span class='ocrx_word' id='word_1_101' title='bbox 1667 954 1725 988; x_wconf 85' lang='grc' dir='ltr'><strong><em>τε</em></strong></span> 
     </span>
     <span class='ocr_line' id='line_1_22' title="bbox 30 1007 1790 1088; baseline 0.001 -22"><span class='ocrx_word' id='word_1_102' title='bbox 30 1011 99 1075; x_wconf 62' lang='grc' dir='ltr'><strong><em>ἓν</em></strong></span> <span class='ocrx_word' id='word_1_103' title='bbox 117 1023 230 1077; x_wconf 81' lang='grc' dir='ltr'><strong><em>τοῖς</em></strong></span> <span class='ocrx_word' id='word_1_104' title='bbox 247 1012 433 1078; x_wconf 77' lang='grc' dir='ltr'><strong><em>ἄλλοις</em></strong></span> <span class='ocrx_word' id='word_1_105' title='bbox 452 1014 543 1069; x_wconf 82' lang='grc' dir='ltr'><strong><em>καὶ</em></strong></span> <span class='ocrx_word' id='word_1_106' title='bbox 561 1007 733 1070; x_wconf 80' lang='grc' dir='ltr'><em>τᾶλλα</em></span> <span class='ocrx_word' id='word_1_107' title='bbox 758 1021 835 1088; x_wconf 79' lang='grc' dir='ltr'><strong><em>τῷ</em></strong></span> <span class='ocrx_word' id='word_1_108' title='bbox 864 1015 959 1070; x_wconf 83' lang='grc' dir='ltr'><em>ἑνί.</em></span> <span class='ocrx_word' id='word_1_109' title='bbox 1011 1021 1142 1080; x_wconf 72' lang='grc' dir='ltr'><strong><em>Πῶς</em></strong></span> <span class='ocrx_word' id='word_1_110' title='bbox 1169 1016 1371 1086; x_wconf 75' lang='grc' dir='ltr'><strong><em>λέγειςς</em></strong></span> <span class='ocrx_word' id='word_1_111' title='bbox 1403 1009 1557 1072; x_wconf 75' lang='grc' dir='ltr'><strong><em>Ὧδε·</em></strong></span> <span class='ocrx_word' id='word_1_112' title='bbox 1594 1018 1727 1072; x_wconf 81' lang='grc' dir='ltr'><strong><em>ἕκα-</em></strong></span> <span class='ocrx_word' id='word_1_113' title='bbox 1755 1027 1790 1068; x_wconf 89' lang='lat' dir='ltr'>D</span> 
     </span>
     <span class='ocr_line' id='line_1_23' title="bbox 31 1092 1722 1169; baseline 0.002 -18"><span class='ocrx_word' id='word_1_114' title='bbox 31 1109 171 1165; x_wconf 54' lang='grc' dir='ltr'><strong><em>ιδιὀν</em></strong></span> <span class='ocrx_word' id='word_1_115' title='bbox 188 1100 302 1150; x_wconf 77' lang='grc' dir='ltr'><strong><em>τῶν</em></strong></span> <span class='ocrx_word' id='word_1_116' title='bbox 324 1093 616 1166; x_wconf 82' lang='grc' dir='ltr'><em>ὀνομάτων</em></span> <span class='ocrx_word' id='word_1_117' title='bbox 634 1094 738 1152; x_wconf 80' lang='grc' dir='ltr'><strong><em>οὐκ</em></strong></span> <span class='ocrx_word' id='word_1_118' title='bbox 759 1099 854 1152; x_wconf 82' lang='grc' dir='ltr'><strong><em>ἐπί</em></strong></span> <span class='ocrx_word' id='word_1_119' title='bbox 866 1119 975 1152; x_wconf 85' lang='grc' dir='ltr'><strong><em>τινι</em></strong></span> <span class='ocrx_word' id='word_1_120' title='bbox 998 1105 1207 1166; x_wconf 85' lang='grc' dir='ltr'><strong><em>καλεῐς;</em></strong></span> <span class='ocrx_word' id='word_1_121' title='bbox 1231 1098 1455 1169; x_wconf 55' lang='lat' dir='ltr'><strong><em>&#39;‘Qu-oye.</em></strong></span> <span class='ocrx_word' id='word_1_122' title='bbox 1508 1104 1579 1155; x_wconf 92' lang='grc' dir='ltr'><strong><em>Τί</em></strong></span> <span class='ocrx_word' id='word_1_123' title='bbox 1592 1092 1722 1164; x_wconf 79' lang='grc' dir='ltr'><strong><em>οὖν;</em></strong></span> 
     </span>
     <span class='ocr_line' id='line_1_24' title="bbox 30 1172 1723 1252; baseline 0.002 -18"><span class='ocrx_word' id='word_1_124' title='bbox 30 1173 100 1234; x_wconf 68' lang='lat'><strong><em>,³16</em></strong></span> <span class='ocrx_word' id='word_1_125' title='bbox 120 1172 256 1231; x_wconf 77' lang='grc' dir='ltr'><strong><em>αὐτὸ</em></strong></span> <span class='ocrx_word' id='word_1_126' title='bbox 277 1176 454 1248; x_wconf 88' lang='grc' dir='ltr'><strong><em>ὄνομα</em></strong></span> <span class='ocrx_word' id='word_1_127' title='bbox 474 1186 647 1243; x_wconf 73' lang='grc' dir='ltr'><strong><em>εἴποις</em></strong></span> <span class='ocrx_word' id='word_1_128' title='bbox 665 1174 738 1235; x_wconf 75' lang='grc' dir='ltr'><strong><em>ἂν</em></strong></span> <span class='ocrx_word' id='word_1_129' title='bbox 756 1180 1053 1246; x_wconf 83' lang='grc' dir='ltr'><strong><em>πλεονάκις</em></strong></span> <span class='ocrx_word' id='word_1_130' title='bbox 1073 1177 1110 1252; x_wconf 76' lang='grc' dir='ltr'><em>ἢ</em></span> <span class='ocrx_word' id='word_1_131' title='bbox 1129 1181 1303 1248; x_wconf 81' lang='grc' dir='ltr'><strong><em>άπαξ;</em></strong></span> <span class='ocrx_word' id='word_1_132' title='bbox 1326 1179 1554 1252; x_wconf 74' lang='grc' dir='ltr'><strong><em>”Εγωγε.</em></strong></span> <span class='ocrx_word' id='word_1_133' title='bbox 1606 1182 1723 1237; x_wconf 86' lang='grc' dir='ltr'><strong><em>Πό-</em></strong></span> 
     </span>
     <span class='ocr_line' id='line_1_25' title="bbox 30 1252 1724 1336; baseline 0.003 -21"><span class='ocrx_word' id='word_1_134' title='bbox 30 1268 200 1327; x_wconf 76' lang='grc' dir='ltr'><strong><em>’τερον</em></strong></span> <span class='ocrx_word' id='word_1_135' title='bbox 227 1252 333 1314; x_wconf 82' lang='grc' dir='ltr'><strong><em>οὖν</em></strong></span> <span class='ocrx_word' id='word_1_136' title='bbox 361 1258 460 1315; x_wconf 80' lang='grc' dir='ltr'><strong><em>ἐὰν</em></strong></span> <span class='ocrx_word' id='word_1_137' title='bbox 488 1261 591 1330; x_wconf 77' lang='grc' dir='ltr'><strong><em>μὲν</em></strong></span> <span class='ocrx_word' id='word_1_138' title='bbox 609 1260 754 1327; x_wconf 79' lang='grc' dir='ltr'><strong><em>ἅπαξ</em></strong></span> <span class='ocrx_word' id='word_1_139' title='bbox 774 1269 946 1335; x_wconf 76' lang='grc' dir='ltr'><strong><em>εἴπῃς,</em></strong></span> <span class='ocrx_word' id='word_1_140' title='bbox 967 1266 1144 1320; x_wconf 83' lang='grc' dir='ltr'><strong><em>ἐκεῖνο</em></strong></span> <span class='ocrx_word' id='word_1_141' title='bbox 1164 1264 1601 1336; x_wconf 74' lang='grc' dir='ltr'><strong><em>προσαγορεύεις</em></strong></span> <span class='ocrx_word' id='word_1_142' title='bbox 1621 1257 1724 1320; x_wconf 77' lang='lat'>06-</span> 
     </span>
     <span class='ocr_line' id='line_1_26' title="bbox 34 1341 1722 1419; baseline 0.005 -23"><span class='ocrx_word' id='word_1_143' title='bbox 34 1344 141 1410; x_wconf 76' lang='grc' dir='ltr'><strong><em>πέρ</em></strong></span> <span class='ocrx_word' id='word_1_144' title='bbox 160 1344 275 1397; x_wconf 78' lang='grc' dir='ltr'><strong><em>ἐστι</em></strong></span> <span class='ocrx_word' id='word_1_145' title='bbox 303 1341 583 1414; x_wconf 79' lang='grc' dir='ltr'><strong><em>τοῦνομα,</em></strong></span> <span class='ocrx_word' id='word_1_146' title='bbox 616 1341 717 1399; x_wconf 80' lang='grc' dir='ltr'><strong><em>ἐὰν</em></strong></span> <span class='ocrx_word' id='word_1_147' title='bbox 737 1344 794 1400; x_wconf 74' lang='grc' dir='ltr'><strong><em>δὲ</em></strong></span> <span class='ocrx_word' id='word_1_148' title='bbox 814 1345 1104 1415; x_wconf 80' lang='grc' dir='ltr'><strong><em>πολλάκις,</em></strong></span> <span class='ocrx_word' id='word_1_149' title='bbox 1126 1344 1231 1403; x_wconf 86' lang='grc' dir='ltr'><strong><em>οὐκ</em></strong></span> <span class='ocrx_word' id='word_1_150' title='bbox 1253 1350 1461 1415; x_wconf 81' lang='grc' dir='ltr'><strong><em>ἐκεῖνο;</em></strong></span> <span class='ocrx_word' id='word_1_151' title='bbox 1491 1344 1527 1419; x_wconf 80' lang='grc' dir='ltr'><strong><em>ἦ</em></strong></span> <span class='ocrx_word' id='word_1_152' title='bbox 1547 1349 1647 1404; x_wconf 80' lang='grc' dir='ltr'><strong><em>ἐάν</em></strong></span> <span class='ocrx_word' id='word_1_153' title='bbox 1666 1369 1722 1403; x_wconf 89' lang='grc' dir='ltr'><strong><em>τε</em></strong></span> 
     </span>
     <span class='ocr_line' id='line_1_27' title="bbox 41 1422 1720 1502; baseline 0.004 -23"><span class='ocrx_word' id='word_1_154' title='bbox 41 1422 179 1491; x_wconf 54' lang='lat' dir='ltr'><strong><em>“aab</em></strong></span> <span class='ocrx_word' id='word_1_155' title='bbox 216 1426 315 1481; x_wconf 81' lang='grc' dir='ltr'><strong><em>ἐάν</em></strong></span> <span class='ocrx_word' id='word_1_156' title='bbox 360 1448 417 1482; x_wconf 92' lang='grc' dir='ltr'><strong><em>τε</em></strong></span> <span class='ocrx_word' id='word_1_157' title='bbox 456 1428 722 1494; x_wconf 79' lang='grc' dir='ltr'><strong><em>πολλάκις</em></strong></span> <span class='ocrx_word' id='word_1_158' title='bbox 768 1427 829 1484; x_wconf 83' lang='grc' dir='ltr'><strong><em>τὸ</em></strong></span> <span class='ocrx_word' id='word_1_159' title='bbox 869 1426 1004 1484; x_wconf 84' lang='grc' dir='ltr'><strong><em>αὐτὸ</em></strong></span> <span class='ocrx_word' id='word_1_160' title='bbox 1042 1427 1222 1500; x_wconf 79' lang='grc' dir='ltr'><strong><em>ὄνομα</em></strong></span> <span class='ocrx_word' id='word_1_161' title='bbox 1259 1432 1503 1502; x_wconf 81' lang='grc' dir='ltr'><strong><em>φθέγξῃ,</em></strong></span> <span class='ocrx_word' id='word_1_162' title='bbox 1544 1429 1720 1500; x_wconf 82' lang='grc' dir='ltr'><strong><em>πολλὴ</em></strong></span> 
     </span>
     <span class='ocr_line' id='line_1_28' title="bbox 33 1505 1718 1582; baseline 0.002 -19"><span class='ocrx_word' id='word_1_163' title='bbox 33 1505 247 1579; x_wconf 68' lang='grc' dir='ltr'><strong><em>ἀνάγκη</em></strong></span> <span class='ocrx_word' id='word_1_164' title='bbox 268 1525 330 1565; x_wconf 89' lang='grc' dir='ltr'><strong><em>σε</em></strong></span> <span class='ocrx_word' id='word_1_165' title='bbox 348 1508 411 1566; x_wconf 87' lang='grc' dir='ltr'>τό</span> <span class='ocrx_word' id='word_1_166' title='bbox 433 1507 568 1566; x_wconf 79' lang='grc' dir='ltr'><strong><em>αὐτὸ</em></strong></span> <span class='ocrx_word' id='word_1_167' title='bbox 591 1513 682 1567; x_wconf 81' lang='grc' dir='ltr'><strong><em>καὶ</em></strong></span> <span class='ocrx_word' id='word_1_168' title='bbox 702 1512 880 1581; x_wconf 79' lang='grc' dir='ltr'><strong><em>λέγειν</em></strong></span> <span class='ocrx_word' id='word_1_169' title='bbox 901 1509 1012 1578; x_wconf 87' lang='grc' dir='ltr'><strong><em>άεί;</em></strong></span> <span class='ocrx_word' id='word_1_170' title='bbox 1041 1517 1111 1567; x_wconf 88' lang='grc' dir='ltr'><strong><em>Τί</em></strong></span> <span class='ocrx_word' id='word_1_171' title='bbox 1124 1512 1261 1582; x_wconf 83' lang='grc' dir='ltr'><strong><em>μήν;</em></strong></span> <span class='ocrx_word' id='word_1_172' title='bbox 1297 1510 1528 1568; x_wconf 83' lang='grc' dir='ltr'><strong><em>Οὐκοῦν</em></strong></span> <span class='ocrx_word' id='word_1_173' title='bbox 1547 1511 1718 1568; x_wconf 79' lang='grc' dir='ltr'><strong><em>καὶτὸ</em></strong></span> 
     </span>
     <span class='ocr_line' id='line_1_29' title="bbox 33 1588 1721 1665; baseline 0.004 -20"><span class='ocrx_word' id='word_1_174' title='bbox 33 1588 286 1659; x_wconf 75' lang='grc' dir='ltr'><strong><em>ἕτερον”</em></strong></span> <span class='ocrx_word' id='word_1_175' title='bbox 253 1593 432 1662; x_wconf 89' lang='grc' dir='ltr'><strong><em>ονομά</em></strong></span> <span class='ocrx_word' id='word_1_176' title='bbox 464 1595 612 1649; x_wconf 82' lang='grc' dir='ltr'><strong><em>ἐστιν</em></strong></span> <span class='ocrx_word' id='word_1_177' title='bbox 641 1597 735 1650; x_wconf 83' lang='grc' dir='ltr'><strong><em>ἐπί</em></strong></span> <span class='ocrx_word' id='word_1_178' title='bbox 754 1618 888 1661; x_wconf 84' lang='grc' dir='ltr'><strong><em>τινι;</em></strong></span> <span class='ocrx_word' id='word_1_179' title='bbox 925 1594 1090 1649; x_wconf 87' lang='grc' dir='ltr'><em>Πάνυ</em></span> <span class='ocrx_word' id='word_1_180' title='bbox 1119 1616 1196 1665; x_wconf 81' lang='grc' dir='ltr'><strong><em>γε.</em></strong></span> <span class='ocrx_word' id='word_1_181' title='bbox 1246 1594 1416 1652; x_wconf 88' lang='grc' dir='ltr'><strong><em>Ὀταν</em></strong></span> <span class='ocrx_word' id='word_1_182' title='bbox 1444 1595 1556 1665; x_wconf 81' lang='grc' dir='ltr'><strong><em>άρα</em></strong></span> <span class='ocrx_word' id='word_1_183' title='bbox 1584 1593 1721 1651; x_wconf 80' lang='grc' dir='ltr'><strong><em>αὐτὸ</em></strong></span> 
     </span>
     <span class='ocr_line' id='line_1_30' title="bbox 33 1674 1785 1753; baseline 0.003 -26"><span class='ocrx_word' id='word_1_184' title='bbox 33 1675 284 1744; x_wconf 79' lang='grc' dir='ltr'><strong><em>φθέγγῃ,</em></strong></span> <span class='ocrx_word' id='word_1_185' title='bbox 305 1674 404 1729; x_wconf 81' lang='grc' dir='ltr'><strong><em>ἐάν</em></strong></span> <span class='ocrx_word' id='word_1_186' title='bbox 423 1695 479 1730; x_wconf 89' lang='grc' dir='ltr'><strong><em>τε</em></strong></span> <span class='ocrx_word' id='word_1_187' title='bbox 501 1674 646 1741; x_wconf 81' lang='grc' dir='ltr'><strong><em>ἅπαξ</em></strong></span> <span class='ocrx_word' id='word_1_188' title='bbox 666 1677 766 1731; x_wconf 82' lang='grc' dir='ltr'><strong><em>ἐάν</em></strong></span> <span class='ocrx_word' id='word_1_189' title='bbox 786 1698 842 1732; x_wconf 88' lang='grc' dir='ltr'><strong><em>τε</em></strong></span> <span class='ocrx_word' id='word_1_190' title='bbox 862 1677 1152 1746; x_wconf 87' lang='grc' dir='ltr'><strong><em>πολλάκις,</em></strong></span> <span class='ocrx_word' id='word_1_191' title='bbox 1177 1675 1281 1733; x_wconf 80' lang='grc' dir='ltr'><strong><em>οὐκ</em></strong></span> <span class='ocrx_word' id='word_1_192' title='bbox 1301 1676 1387 1734; x_wconf 80' lang='grc' dir='ltr'><strong><em>ἐπ’</em></strong></span> <span class='ocrx_word' id='word_1_193' title='bbox 1420 1677 1570 1753; x_wconf 78' lang='grc' dir='ltr'><strong><em>άλλῳ</em></strong></span> <span class='ocrx_word' id='word_1_194' title='bbox 1592 1675 1723 1733; x_wconf 70' lang='grc' dir='ltr'><strong><em>οὐδὲ·</em></strong></span> <span class='ocrx_word' id='word_1_195' title='bbox 1753 1693 1785 1733; x_wconf 82' lang='grc' dir='ltr'>Ε</span> 
     </span>
     <span class='ocr_line' id='line_1_31' title="bbox 44 1751 1717 1832; baseline 0.005 -23.128"><span class='ocrx_word' id='word_1_196' title='bbox 44 1753 169 1810; x_wconf 73' lang='grc' dir='ltr'><strong><em>’λλο</em></strong></span> <span class='ocrx_word' id='word_1_197' title='bbox 207 1777 257 1810; x_wconf 89' lang='grc' dir='ltr'><strong><em>τι</em></strong></span> <span class='ocrx_word' id='word_1_198' title='bbox 293 1752 577 1826; x_wconf 79' lang='grc' dir='ltr'><strong><em>ὀνομάζεις</em></strong></span> <span class='ocrx_word' id='word_1_199' title='bbox 612 1754 649 1828; x_wconf 84' lang='grc' dir='ltr'><strong><em>ἦ</em></strong></span> <span class='ocrx_word' id='word_1_200' title='bbox 684 1759 860 1814; x_wconf 81' lang='grc' dir='ltr'><strong><em>ἐκεῖνο</em></strong></span> <span class='ocrx_word' id='word_1_201' title='bbox 897 1751 1072 1826; x_wconf 82' lang='grc' dir='ltr'><strong><em>οὗπερ</em></strong></span> <span class='ocrx_word' id='word_1_202' title='bbox 1113 1782 1186 1831; x_wconf 86' lang='grc' dir='ltr'><strong><em>ην</em></strong></span> <span class='ocrx_word' id='word_1_203' title='bbox 1214 1758 1408 1831; x_wconf 81' lang='grc' dir='ltr'><strong><em>ὄνομα.</em></strong></span> <span class='ocrx_word' id='word_1_204' title='bbox 1462 1759 1717 1832; x_wconf 80' lang='grc' dir='ltr'><strong><em>Ἀνάγκη.</em></strong></span> 
     </span>
     <span class='ocr_line' id='line_1_32' title="bbox 118 1835 1721 1916; baseline 0.004 -24"><span class='ocrx_word' id='word_1_205' title='bbox 118 1860 187 1893; x_wconf 85' lang='grc' dir='ltr'><strong><em>αν</em></strong></span> <span class='ocrx_word' id='word_1_206' title='bbox 206 1835 274 1908; x_wconf 79' lang='grc' dir='ltr'><strong><em>δὴ</em></strong></span> <span class='ocrx_word' id='word_1_207' title='bbox 297 1838 594 1909; x_wconf 78' lang='grc' dir='ltr'><strong><em>λέγωμεν”</em></strong></span> <span class='ocrx_word' id='word_1_208' title='bbox 560 1861 645 1895; x_wconf 92' lang='grc' dir='ltr'><strong><em>οτι</em></strong></span> <span class='ocrx_word' id='word_1_209' title='bbox 663 1861 854 1911; x_wconf 80' lang='grc' dir='ltr'><strong><em>ετερον</em></strong></span> <span class='ocrx_word' id='word_1_210' title='bbox 873 1843 976 1913; x_wconf 74' lang='grc' dir='ltr'><strong><em>μὲν</em></strong></span> <span class='ocrx_word' id='word_1_211' title='bbox 1002 1837 1174 1899; x_wconf 81' lang='grc' dir='ltr'><em>τᾶλλα</em></span> <span class='ocrx_word' id='word_1_212' title='bbox 1207 1850 1310 1900; x_wconf 85' lang='grc' dir='ltr'><strong><em>τοῦ</em></strong></span> <span class='ocrx_word' id='word_1_213' title='bbox 1340 1845 1492 1916; x_wconf 85' lang='grc' dir='ltr'><strong><em>ενός,</em></strong></span> <span class='ocrx_word' id='word_1_214' title='bbox 1528 1845 1721 1915; x_wconf 73' lang='grc' dir='ltr'><strong><em>ε’τεροτ</em></strong></span> 
     </span>
     <span class='ocr_line' id='line_1_33' title="bbox 65 1918 1721 2000; baseline 0.004 -24"><span class='ocrx_word' id='word_1_215' title='bbox 65 1918 170 1977; x_wconf 77' lang='grc' dir='ltr'><strong><em>ὲτό</em></strong></span> <span class='ocrx_word' id='word_1_216' title='bbox 194 1923 257 1976; x_wconf 77' lang='grc' dir='ltr'><strong><em>’ἐν</em></strong></span> <span class='ocrx_word' id='word_1_217' title='bbox 274 1928 389 1977; x_wconf 74' lang='grc' dir='ltr'><strong><em>τῶν</em></strong></span> <span class='ocrx_word' id='word_1_218' title='bbox 410 1921 622 1994; x_wconf 76' lang='grc' dir='ltr'><strong><em>ἄλλων,</em></strong></span> <span class='ocrx_word' id='word_1_219' title='bbox 648 1925 729 1988; x_wconf 76' lang='grc' dir='ltr'><strong><em>δὶς</em></strong></span> <span class='ocrx_word' id='word_1_220' title='bbox 752 1923 814 1979; x_wconf 83' lang='grc' dir='ltr'><strong><em>τὸ</em></strong></span> <span class='ocrx_word' id='word_1_221' title='bbox 837 1925 1029 1996; x_wconf 78' lang='grc' dir='ltr'><strong><em>ἕτερον</em></strong></span> <span class='ocrx_word' id='word_1_222' title='bbox 1049 1928 1297 1994; x_wconf 81' lang='grc' dir='ltr'><strong><em>εἰπόντες</em></strong></span> <span class='ocrx_word' id='word_1_223' title='bbox 1316 1926 1485 1985; x_wconf 79' lang='grc' dir='ltr'><strong><em>οὐδέν</em></strong></span> <span class='ocrx_word' id='word_1_224' title='bbox 1505 1950 1556 1983; x_wconf 86' lang='grc' dir='ltr'><strong><em>τι</em></strong></span> <span class='ocrx_word' id='word_1_225' title='bbox 1578 1933 1721 2000; x_wconf 80' lang='grc' dir='ltr'><strong><em>μᾶλ-</em></strong></span> 
     </span>
     <span class='ocr_line' id='line_1_34' title="bbox 64 2002 1716 2082; baseline 0.005 -24"><span class='ocrx_word' id='word_1_226' title='bbox 64 2023 131 2058; x_wconf 90' lang='grc' dir='ltr'><strong><em>ον</em></strong></span> <span class='ocrx_word' id='word_1_227' title='bbox 159 2002 244 2059; x_wconf 81' lang='grc' dir='ltr'><strong><em>ἐπ’</em></strong></span> <span class='ocrx_word' id='word_1_228' title='bbox 278 2002 419 2076; x_wconf 75' lang='grc' dir='ltr'><em>ἄλλῃ</em></span> <span class='ocrx_word' id='word_1_229' title='bbox 448 2002 572 2061; x_wconf 79' lang='grc' dir='ltr'><em>ἀλλ’</em></span> <span class='ocrx_word' id='word_1_230' title='bbox 606 2004 693 2062; x_wconf 79' lang='grc' dir='ltr'><strong><em>ἐπ’</em></strong></span> <span class='ocrx_word' id='word_1_231' title='bbox 727 2009 911 2079; x_wconf 78' lang='grc' dir='ltr'><strong><em>ἐκείνῃ</em></strong></span> <span class='ocrx_word' id='word_1_232' title='bbox 928 2016 995 2081; x_wconf 83' lang='grc' dir='ltr'><strong><em>τῇ</em></strong></span> <span class='ocrx_word' id='word_1_233' title='bbox 1015 2011 1183 2079; x_wconf 85' lang='grc' dir='ltr'><strong><em>φύσει</em></strong></span> <span class='ocrx_word' id='word_1_234' title='bbox 1202 2008 1338 2066; x_wconf 82' lang='grc' dir='ltr'><strong><em>αὐτὸ</em></strong></span> <span class='ocrx_word' id='word_1_235' title='bbox 1362 2009 1445 2067; x_wconf 83' lang='grc' dir='ltr'><strong><em>άεὶ</em></strong></span> <span class='ocrx_word' id='word_1_236' title='bbox 1463 2012 1716 2082; x_wconf 79' lang='grc' dir='ltr'><strong><em>λέγομεν,</em></strong></span> 
     </span>
     <span class='ocr_line' id='line_1_35' title="bbox 33 2079 1785 2191; baseline 0.005 -52"><span class='ocrx_word' id='word_1_237' title='bbox 33 2085 41 2095; x_wconf 74' lang='grc'><strong>”</strong></span> <span class='ocrx_word' id='word_1_238' title='bbox 101 2105 206 2156; x_wconf 78' lang='grc' dir='ltr'><strong><em>περ</em></strong></span> <span class='ocrx_word' id='word_1_239' title='bbox 226 2079 299 2157; x_wconf 83' lang='grc' dir='ltr'><strong><em>ἦν</em></strong></span> <span class='ocrx_word' id='word_1_240' title='bbox 316 2085 580 2159; x_wconf 81' lang='grc' dir='ltr'><strong><em>τοῦνομα.</em></strong></span> <span class='ocrx_word' id='word_1_241' title='bbox 638 2090 803 2145; x_wconf 90' lang='grc' dir='ltr'><strong><em>Πάνυ</em></strong></span> <span class='ocrx_word' id='word_1_242' title='bbox 831 2091 932 2161; x_wconf 75' lang='grc' dir='ltr'><strong><em>μὲν</em></strong></span> <span class='ocrx_word' id='word_1_243' title='bbox 960 2086 1080 2148; x_wconf 83' lang='grc' dir='ltr'><strong><em>οὖν.</em></strong></span> <span class='ocrx_word' id='word_1_244' title='bbox 1132 2086 1219 2191; x_wconf 53' lang='lat' dir='ltr'><strong><em>:Hc</em></strong></span> <span class='ocrx_word' id='word_1_245' title='bbox 1251 2091 1360 2161; x_wconf 82' lang='grc' dir='ltr'><strong><em>άρα</em></strong></span> <span class='ocrx_word' id='word_1_246' title='bbox 1387 2094 1578 2161; x_wconf 82' lang='grc' dir='ltr'><strong><em>ετερον</em></strong></span> <span class='ocrx_word' id='word_1_247' title='bbox 1603 2098 1718 2148; x_wconf 73' lang='grc' dir='ltr'><strong><em>τῶν</em></strong></span> <span class='ocrx_word' id='word_1_248' title='bbox 1776 2134 1785 2141; x_wconf 84' lang='grc'><strong>.</strong></span> 
     </span>
     <span class='ocr_line' id='line_1_36' title="bbox 67 2166 1834 2243; baseline 0.007 -20"><span class='ocrx_word' id='word_1_249' title='bbox 67 2174 217 2224; x_wconf 82' lang='grc' dir='ltr'><strong><em>λλων</em></strong></span> <span class='ocrx_word' id='word_1_250' title='bbox 234 2167 296 2224; x_wconf 87' lang='grc' dir='ltr'>τό</span> <span class='ocrx_word' id='word_1_251' title='bbox 318 2172 380 2225; x_wconf 75' lang='grc' dir='ltr'><strong><em>ἓν</em></strong></span> <span class='ocrx_word' id='word_1_252' title='bbox 401 2173 492 2227; x_wconf 82' lang='grc' dir='ltr'><strong><em>καὶ</em></strong></span> <span class='ocrx_word' id='word_1_253' title='bbox 511 2166 682 2228; x_wconf 83' lang='grc' dir='ltr'><em>τᾶλλα</em></span> <span class='ocrx_word' id='word_1_254' title='bbox 701 2179 803 2228; x_wconf 88' lang='grc' dir='ltr'><strong><em>τοῦ</em></strong></span> <span class='ocrx_word' id='word_1_255' title='bbox 834 2173 985 2243; x_wconf 82' lang='grc' dir='ltr'><strong><em>ἑνός,</em></strong></span> <span class='ocrx_word' id='word_1_256' title='bbox 1024 2171 1146 2229; x_wconf 84' lang='grc' dir='ltr'><strong><em>κατ’</em></strong></span> <span class='ocrx_word' id='word_1_257' title='bbox 1169 2172 1304 2230; x_wconf 82' lang='grc' dir='ltr'><strong><em>αὐτὸ</em></strong></span> <span class='ocrx_word' id='word_1_258' title='bbox 1326 2172 1387 2229; x_wconf 84' lang='grc' dir='ltr'><strong><em>τὸ</em></strong></span> <span class='ocrx_word' id='word_1_259' title='bbox 1409 2175 1600 2243; x_wconf 80' lang='grc' dir='ltr'><strong><em>ἕτερον</em></strong></span> <span class='ocrx_word' id='word_1_260' title='bbox 1619 2194 1718 2230; x_wconf 83' lang='grc' dir='ltr'><strong><em>πε-</em></strong></span> <span class='ocrx_word' id='word_1_261' title='bbox 1750 2190 1834 2237; x_wconf 78' lang='lat'><strong><em>148</em></strong></span> 
     </span>
     <span class='ocr_line' id='line_1_37' title="bbox 70 2251 1713 2328; baseline 0.004 -22"><span class='ocrx_word' id='word_1_262' title='bbox 70 2254 304 2307; x_wconf 76' lang='grc' dir='ltr'><strong><em>ονθέναι</em></strong></span> <span class='ocrx_word' id='word_1_263' title='bbox 334 2251 438 2309; x_wconf 87' lang='grc' dir='ltr'><strong><em>οὐκ</em></strong></span> <span class='ocrx_word' id='word_1_264' title='bbox 469 2252 605 2311; x_wconf 75' lang='grc' dir='ltr'><strong><em>ἄλλο</em></strong></span> <span class='ocrx_word' id='word_1_265' title='bbox 636 2253 774 2311; x_wconf 79' lang='grc' dir='ltr'><strong><em>άλλοὶ</em></strong></span> <span class='ocrx_word' id='word_1_266' title='bbox 813 2256 874 2310; x_wconf 87' lang='grc' dir='ltr'><strong><em>τὸ</em></strong></span> <span class='ocrx_word' id='word_1_267' title='bbox 905 2253 1042 2310; x_wconf 83' lang='grc' dir='ltr'><strong><em>αὐτὸ</em></strong></span> <span class='ocrx_word' id='word_1_268' title='bbox 1065 2252 1140 2310; x_wconf 73' lang='grc' dir='ltr'><strong><em>ἄν</em></strong></span> <span class='ocrx_word' id='word_1_269' title='bbox 1159 2254 1443 2321; x_wconf 79' lang='grc' dir='ltr'><strong><em>πεπονθός</em></strong></span> <span class='ocrx_word' id='word_1_270' title='bbox 1463 2264 1545 2328; x_wconf 74' lang='grc' dir='ltr'><strong><em>εἴη</em></strong></span> <span class='ocrx_word' id='word_1_271' title='bbox 1566 2255 1627 2313; x_wconf 81' lang='grc' dir='ltr'><strong><em>τὸ</em></strong></span> <span class='ocrx_word' id='word_1_272' title='bbox 1652 2258 1713 2312; x_wconf 74' lang='grc' dir='ltr'><strong><em>ἓν</em></strong></span> 
     </span>
     <span class='ocr_line' id='line_1_38' title="bbox 60 2333 1714 2410; baseline 0.004 -22"><span class='ocrx_word' id='word_1_273' title='bbox 60 2344 141 2397; x_wconf 71' lang='grc' dir='ltr'><strong><em>οἷς</em></strong></span> <span class='ocrx_word' id='word_1_274' title='bbox 167 2333 378 2400; x_wconf 86' lang='grc' dir='ltr'><strong><em>αλλοις</em></strong></span> <span class='ocrx_word' id='word_1_275' title='bbox 418 2334 480 2392; x_wconf 80' lang='grc' dir='ltr'><strong><em>τὰ</em></strong></span> <span class='ocrx_word' id='word_1_276' title='bbox 514 2339 578 2392; x_wconf 79' lang='grc' dir='ltr'><strong><em>δέ</em></strong></span> <span class='ocrx_word' id='word_1_277' title='bbox 604 2357 715 2393; x_wconf 86' lang='grc' dir='ltr'><strong><em>που</em></strong></span> <span class='ocrx_word' id='word_1_278' title='bbox 743 2334 950 2393; x_wconf 86' lang='grc' dir='ltr'><strong><em>ταύτὸν</em></strong></span> <span class='ocrx_word' id='word_1_279' title='bbox 980 2335 1265 2403; x_wconf 81' lang='grc' dir='ltr'><strong><em>πεπονθὸς</em></strong></span> <span class='ocrx_word' id='word_1_280' title='bbox 1303 2336 1526 2409; x_wconf 85' lang='grc' dir='ltr'><strong><em>ὅμοιον·</em></strong></span> <span class='ocrx_word' id='word_1_281' title='bbox 1566 2336 1714 2410; x_wconf 83' lang='grc' dir='ltr'><strong><em>ούχί;</em></strong></span> 
     </span>
     <span class='ocr_line' id='line_1_39' title="bbox 35 2408 1710 2492; baseline 0.005 -24"><span class='ocrx_word' id='word_1_282' title='bbox 35 2418 158 2469; x_wconf 81' lang='grc' dir='ltr'><strong><em>Ναί</em></strong></span> <span class='ocrx_word' id='word_1_283' title='bbox 189 2408 277 2470; x_wconf 81' lang='grc' dir='ltr'><strong><em>Ἧι</em></strong></span> <span class='ocrx_word' id='word_1_284' title='bbox 297 2414 363 2487; x_wconf 78' lang='grc' dir='ltr'><strong><em>δὴ</em></strong></span> <span class='ocrx_word' id='word_1_285' title='bbox 385 2416 446 2472; x_wconf 87' lang='grc' dir='ltr'>τὸ</span> <span class='ocrx_word' id='word_1_286' title='bbox 469 2419 584 2473; x_wconf 78' lang='grc' dir='ltr'><strong><em>ἓν”</em></strong></span> <span class='ocrx_word' id='word_1_287' title='bbox 552 2439 744 2488; x_wconf 79' lang='grc' dir='ltr'><strong><em>ετερον</em></strong></span> <span class='ocrx_word' id='word_1_288' title='bbox 763 2441 875 2475; x_wconf 85' lang='grc' dir='ltr'><strong><em>των</em></strong></span> <span class='ocrx_word' id='word_1_289' title='bbox 893 2418 1080 2475; x_wconf 88' lang='grc' dir='ltr'><strong><em>άλλων</em></strong></span> <span class='ocrx_word' id='word_1_290' title='bbox 1098 2422 1386 2477; x_wconf 81' lang='grc' dir='ltr'><strong><em>πέπονθεν</em></strong></span> <span class='ocrx_word' id='word_1_291' title='bbox 1406 2419 1563 2492; x_wconf 83' lang='grc' dir='ltr'><strong><em>εἶναι,</em></strong></span> <span class='ocrx_word' id='word_1_292' title='bbox 1589 2419 1710 2478; x_wconf 88' lang='grc' dir='ltr'><strong><em>κατ’</em></strong></span> 
     </span>
     <span class='ocr_line' id='line_1_40' title="bbox 70 2492 1716 2574; baseline 0.007 -25"><span class='ocrx_word' id='word_1_293' title='bbox 70 2492 167 2551; x_wconf 84' lang='lat' dir='ltr'><strong><em>6t6</em></strong></span> <span class='ocrx_word' id='word_1_294' title='bbox 189 2503 352 2551; x_wconf 86' lang='grc' dir='ltr'><strong><em>τοῦτο</em></strong></span> <span class='ocrx_word' id='word_1_295' title='bbox 372 2496 524 2554; x_wconf 80' lang='grc' dir='ltr'><strong><em>ἅπαν</em></strong></span> <span class='ocrx_word' id='word_1_296' title='bbox 542 2498 751 2556; x_wconf 85' lang='grc' dir='ltr'><strong><em>άπασιν</em></strong></span> <span class='ocrx_word' id='word_1_297' title='bbox 771 2499 967 2571; x_wconf 82' lang='grc' dir='ltr'><strong><em>ὅμοιον</em></strong></span> <span class='ocrx_word' id='word_1_298' title='bbox 989 2497 1060 2556; x_wconf 73' lang='grc' dir='ltr'><strong><em>ἄν</em></strong></span> <span class='ocrx_word' id='word_1_299' title='bbox 1088 2510 1196 2574; x_wconf 74' lang='grc' dir='ltr'><strong><em>εἴη·</em></strong></span> <span class='ocrx_word' id='word_1_300' title='bbox 1237 2502 1388 2559; x_wconf 80' lang='grc' dir='ltr'><strong><em>ἅπαν</em></strong></span> <span class='ocrx_word' id='word_1_301' title='bbox 1406 2503 1513 2574; x_wconf 79' lang='grc' dir='ltr'><strong><em>γάρ</em></strong></span> <span class='ocrx_word' id='word_1_302' title='bbox 1534 2502 1716 2560; x_wconf 86' lang='grc' dir='ltr'><strong><em>ἁπάν-</em></strong></span> 
     </span>
     <span class='ocr_line' id='line_1_41' title="bbox 60 2578 821 2646; baseline 0.003 -11"><span class='ocrx_word' id='word_1_303' title='bbox 60 2599 140 2635; x_wconf 80' lang='grc' dir='ltr'><strong><em>ων</em></strong></span> <span class='ocrx_word' id='word_1_304' title='bbox 161 2578 354 2646; x_wconf 78' lang='grc' dir='ltr'><strong><em>ἕτερόν</em></strong></span> <span class='ocrx_word' id='word_1_305' title='bbox 371 2581 534 2635; x_wconf 76' lang='grc' dir='ltr'><strong><em>ἐστιν.</em></strong></span> <span class='ocrx_word' id='word_1_306' title='bbox 588 2580 821 2637; x_wconf 79' lang='grc' dir='ltr'><strong><em>”Εοικεν.</em></strong></span> 
     </span>
     <span class='ocr_line' id='line_1_42' title="bbox 44 2659 1712 2742; baseline 0.003 -26"><span class='ocrx_word' id='word_1_307' title='bbox 44 2696 69 2722; x_wconf 56' lang='lat' dir='ltr'><strong>u</strong></span> <span class='ocrx_word' id='word_1_308' title='bbox 174 2667 324 2717; x_wconf 83' lang='lat' dir='ltr'>xvn.</span> <span class='ocrx_word' id='word_1_309' title='bbox 395 2659 554 2717; x_wconf 81' lang='grc' dir='ltr'><strong><em>Ἀλλά</em></strong></span> <span class='ocrx_word' id='word_1_310' title='bbox 575 2662 688 2732; x_wconf 86' lang='grc' dir='ltr'><strong><em>μὴν</em></strong></span> <span class='ocrx_word' id='word_1_311' title='bbox 708 2663 769 2719; x_wconf 84' lang='grc' dir='ltr'><strong><em>τό</em></strong></span> <span class='ocrx_word' id='word_1_312' title='bbox 788 2686 849 2734; x_wconf 80' lang='grc' dir='ltr'><strong><em>γε</em></strong></span> <span class='ocrx_word' id='word_1_313' title='bbox 870 2661 1067 2735; x_wconf 83' lang='grc' dir='ltr'><strong><em>ὅμοιον</em></strong></span> <span class='ocrx_word' id='word_1_314' title='bbox 1084 2672 1158 2742; x_wconf 79' lang='grc' dir='ltr'><strong><em>τῷ</em></strong></span> <span class='ocrx_word' id='word_1_315' title='bbox 1178 2663 1423 2740; x_wconf 77' lang='grc' dir='ltr'><strong><em>ἀνομοίῳ</em></strong></span> <span class='ocrx_word' id='word_1_316' title='bbox 1443 2669 1712 2722; x_wconf 78' lang='grc' dir='ltr'><strong><em>ἐναντίον.</em></strong></span> 
     </span>
     <span class='ocr_line' id='line_1_43' title="bbox 84 2742 1713 2822; baseline 0.003 -23"><span class='ocrx_word' id='word_1_317' title='bbox 84 2750 153 2800; x_wconf 73' lang='lat' dir='ltr'><strong><em>at.</em></strong></span> <span class='ocrx_word' id='word_1_318' title='bbox 232 2742 462 2801; x_wconf 86' lang='grc' dir='ltr'><strong><em>Οὐκοῦν</em></strong></span> <span class='ocrx_word' id='word_1_319' title='bbox 480 2748 568 2801; x_wconf 80' lang='grc' dir='ltr'><strong><em>καὶ</em></strong></span> <span class='ocrx_word' id='word_1_320' title='bbox 590 2748 649 2802; x_wconf 80' lang='grc' dir='ltr'><strong><em>τὸ</em></strong></span> <span class='ocrx_word' id='word_1_321' title='bbox 670 2748 861 2815; x_wconf 80' lang='grc' dir='ltr'><strong><em>ἕτερον</em></strong></span> <span class='ocrx_word' id='word_1_322' title='bbox 879 2753 955 2822; x_wconf 79' lang='grc' dir='ltr'><strong><em>τῷ</em></strong></span> <span class='ocrx_word' id='word_1_323' title='bbox 976 2747 1140 2822; x_wconf 75' lang='grc' dir='ltr'><strong><em>αὐτῷ.</em></strong></span> <span class='ocrx_word' id='word_1_324' title='bbox 1197 2749 1306 2804; x_wconf 82' lang='grc' dir='ltr'><strong><em>Καὶ</em></strong></span> <span class='ocrx_word' id='word_1_325' title='bbox 1326 2755 1505 2804; x_wconf 81' lang='grc' dir='ltr'><strong><em>τοῦτο.</em></strong></span> <span class='ocrx_word' id='word_1_326' title='bbox 1557 2745 1713 2805; x_wconf 81' lang='grc' dir='ltr'><strong><em>Ἀλλά</em></strong></span> 
     </span>
     <span class='ocr_line' id='line_1_44' title="bbox 81 2822 1714 2899; baseline 0.004 -18"><span class='ocrx_word' id='word_1_327' title='bbox 81 2822 138 2882; x_wconf 72' lang='grc' dir='ltr'><strong><em>’ν</em></strong></span> <span class='ocrx_word' id='word_1_328' title='bbox 157 2829 246 2883; x_wconf 79' lang='grc' dir='ltr'><strong><em>καὶ</em></strong></span> <span class='ocrx_word' id='word_1_329' title='bbox 270 2828 436 2883; x_wconf 81' lang='grc' dir='ltr'><strong><em>τοῦτό</em></strong></span> <span class='ocrx_word' id='word_1_330' title='bbox 457 2826 512 2898; x_wconf 85' lang='grc' dir='ltr'><strong><em>γ’</em></strong></span> <span class='ocrx_word' id='word_1_331' title='bbox 535 2830 742 2899; x_wconf 77' lang='grc' dir='ltr'><strong><em>ἐφάνη,</em></strong></span> <span class='ocrx_word' id='word_1_332' title='bbox 765 2827 838 2894; x_wconf 77' lang='grc' dir='ltr'><strong><em>ὠς</em></strong></span> <span class='ocrx_word' id='word_1_333' title='bbox 858 2827 966 2899; x_wconf 72' lang='grc' dir='ltr'><strong><em>ἄρα</em></strong></span> <span class='ocrx_word' id='word_1_334' title='bbox 987 2829 1047 2887; x_wconf 83' lang='grc' dir='ltr'><strong><em>τὸ</em></strong></span> <span class='ocrx_word' id='word_1_335' title='bbox 1069 2833 1132 2886; x_wconf 75' lang='grc' dir='ltr'><strong><em>ἓν</em></strong></span> <span class='ocrx_word' id='word_1_336' title='bbox 1150 2842 1262 2896; x_wconf 76' lang='grc' dir='ltr'><strong><em>τοῖς</em></strong></span> <span class='ocrx_word' id='word_1_337' title='bbox 1282 2831 1471 2897; x_wconf 78' lang='grc' dir='ltr'><strong><em>ἄλλοις</em></strong></span> <span class='ocrx_word' id='word_1_338' title='bbox 1490 2829 1714 2889; x_wconf 80' lang='grc' dir='ltr'><strong><em>ταύτόν.</em></strong></span> 
     </span>
    </p>
   </div>
  </div>
 </body>
</html>
