2028 3198
320 146 387 198 10
919 146 1396 195 ΠΛΑΤΩΝΟΣ

316 277 452 349 παρ’
480 279 612 351 ἡμῖν
642 287 747 336 εἴτε
775 277 1092 349 ὁμοιώματα
1122 285 1228 334 εἴτε
1256 277 1365 352 ὅπῃ
1395 280 1462 350 δή
1490 302 1569 345 τις
1597 278 1736 336 αὐτοὶ
1766 285 1998 351 τίθεται,

320 385 401 418 ων
428 361 579 433 ἡμεῖς
606 363 919 433 μετέχοντες
948 357 1086 415 εἶναι
1115 360 1316 416 ἕκαστα
1335 362 1915 434 ἐπονομαζόμεθα·τά
1936 364 1995 419 δε

316 442 450 514 παρ’
484 442 614 514 ἡμῖν
632 450 830 512 ταῦτα,
868 440 1135 513 ὁμώνυμα
1156 440 1292 497 ὄντα
1312 447 1566 514 ἐκείνοις,
1606 442 1743 498 αὐτα
1765 439 1838 498 αὖ
1858 444 1995 512 πρὸς

316 525 457 581 αὑτά
487 530 636 581 ἐστιν
665 524 787 581 ἀλλ’
819 524 887 581 οὐ
917 522 1056 592 πρὸς
1085 522 1150 579 τὰ
1183 529 1326 595 εἰδη,
1366 529 1458 580 καὶ
1487 527 1698 582 ἑαυτῶν
1727 523 1849 581 ἄλλ’
1891 523 1994 580 οὐκ

316 611 546 664 ἐκείνων
583 606 687 663 ὅσα
724 601 798 662 αὖ
834 605 1152 677 ὀνομάζεται
1183 605 1374 671 οὕτως.
1426 613 1557 672 Πῶς
1589 611 1784 677 λέγεις;
1824 607 2028 679 φάναι,

314 688 414 745 τὸν
431 690 720 761 Σωκράτη.
772 686 934 761 Οἷον,
957 691 1130 760 φάναι
1150 686 1251 744 τὸν
1269 694 1652 760 Παρμενίδην,
1677 698 1822 753 εἴτις
1838 687 1996 761 ἡμῶν

315 792 416 827 του
453 772 722 842 δεσπότης
757 768 792 842 ἢ
833 771 1032 837 δοῦλός
1070 774 1243 842 ἐστιν,
1283 769 1386 826 οὐκ
1424 769 1597 826 αὐτοῦ
1624 772 1894 827 δεσπότου
1927 771 1994 841 δή

252 866 284 906 Ε
318 873 454 922 που,
486 851 518 908 ὃ
537 857 650 908 ἔστι
669 854 960 924 δεσπότης,
1000 857 1214 909 ἐκείνου
1235 852 1435 918 δοῦλός
1454 856 1628 924 ἐστιν,
1671 851 1801 909 οὐδὲ
1819 851 1992 908 αὐτοῦ

317 935 554 1006 δούλου,
593 932 624 990 ὃ
654 940 767 991 ἔστι
797 940 1022 1005 δοῦλος,
1062 936 1327 1005 δεσπότης
1357 933 1385 990 ὁ
1416 936 1709 1007 δεσπότης,
1748 934 1868 991 ἀλλ’
1892 934 1994 990 ἄν-

314 1026 543 1088 θρωπος
582 1013 662 1073 ὧν
701 1018 1013 1088 ἀνθρώπου
1043 1018 1330 1089 ἀμφότερα
1359 1018 1531 1072 ταῦτά
1562 1021 1732 1073 ἐστιν·
1762 1015 1899 1088 αὐτὴ
1933 1019 1990 1071 δὲ

316 1105 601 1156 δεσποτεία
621 1097 790 1170 αὐτῆς
810 1104 1058 1165 δουλείας
1078 1103 1224 1156 ἐστὶν
1244 1099 1274 1156 ὅ
1295 1104 1406 1155 ἐστι
1419 1143 1434 1171 ,
1454 1103 1543 1156 καὶ
1564 1105 1784 1156 δουλεία
1807 1097 1992 1154 ὡσαύ-

313 1203 419 1246 τως
450 1180 588 1252 αὐτη
622 1185 845 1237 δουλειά
875 1180 1044 1254 αὐτῆς
1074 1187 1413 1251 δεσποτείας,
1452 1179 1574 1238 ἀλλ’
1613 1182 1680 1236 οὐ
1699 1180 1765 1236 τὰ
1785 1186 1843 1236 ἐν
1863 1178 1993 1251 ἡμῖν

314 1261 452 1334 πρὸς
470 1267 649 1319 ἐκεῖνα
668 1263 769 1335 τὴν
789 1264 1028 1335 δύναμιν
1046 1269 1152 1334 ἔχει
1174 1264 1305 1320 οὐδὲ
1327 1268 1505 1320 ἐκεῖνα
1525 1263 1663 1334 πρὸς
1679 1262 1836 1334 ἡμᾶς,
1857 1260 1990 1330 ἀλλ’,

199 1362 284 1407 134
313 1345 345 1402 ὃ
363 1349 504 1416 λέγω
518 1388 532 1415 ,
574 1343 712 1401 αὐτοὶ
733 1345 919 1403 αὑτῶν
937 1350 1026 1402 καὶ
1045 1347 1184 1414 πρὸς
1205 1346 1343 1402 αὐτὰ
1365 1346 1545 1402 ἐκεῖνά
1566 1351 1625 1401 τέ
1640 1348 1777 1415 ἐστι,
1817 1344 1990 1401 καὶτὰ

314 1427 446 1498 παρ’
474 1425 605 1499 ἡμῖν
638 1426 895 1492 ὡσαύτως
919 1427 1056 1497 πρὸς
1077 1430 1243 1484 ἑαυτά
1256 1451 1267 1461 ·
1300 1427 1336 1499 ἢ
1355 1427 1424 1484 οὐ
1443 1429 1751 1499 μανθάνεις
1770 1425 1802 1483 ὃ
1820 1431 1988 1496 λέγω;

315 1510 477 1565 Πάνυ
497 1509 570 1579 γ’,
594 1515 765 1566 εἰπεῖν
784 1508 881 1564 τὸν
902 1510 1200 1582 Σωκράτη,
1223 1511 1512 1582 μανθάνω.

456 1599 564 1649 Vll.
641 1590 869 1647 Οὐκοῦν
888 1593 978 1647 καὶ
999 1592 1279 1664 ἐπιστήμη,
1302 1594 1491 1664 φάναι,
1513 1591 1650 1664 αὐτὴ
1672 1593 1772 1663 μὲν
1790 1591 1821 1647 ὃ
1842 1597 1990 1647 ἔστιν

315 1675 578 1746 ἐπιστήμη
607 1681 702 1744 τῆς
735 1671 766 1728 ὃ
800 1678 949 1729 ἔστιν
979 1672 1212 1745 ἀλήθεια
1241 1674 1411 1747 αὐτῆς
1440 1675 1511 1731 ἂν
1542 1677 1750 1745 ἐκείνης
1772 1682 1851 1744 εἴη
1874 1677 1990 1728 ἐπι-

314 1755 488 1855 στήμη
506 1779 521 1823 3
542 1756 704 1811 Πάνυ
725 1777 802 1825 γε.
851 1754 1077 1826 Ἑκάστη
1104 1757 1162 1812 δὲ
1186 1752 1259 1811 αὖ
1279 1765 1390 1812 τῶν
1411 1760 1750 1827 ἐπιστημῶν,
1769 1754 1804 1826 ἢ
1824 1761 1988 1827 ἔστιν,

315 1837 549 1894 ἑκάστου
567 1845 678 1892 τῶν
698 1836 905 1906 ὅντων,
927 1835 959 1893 ὂ
978 1843 1124 1893 ἐστιν
1137 1847 1255 1909 ,εἰη
1276 1836 1347 1893 οἰν
1366 1839 1654 1909 ἐπιστήμη·
1690 1836 1724 1909 ἢ
1744 1839 1838 1905 οὕς
1860 1845 1986 1894 Ναί.

307 1917 374 1975 Ἡ
401 1922 460 1974 δὲ
489 1917 620 1989 παρ’
651 1917 781 1989 ἡμῖν
813 1920 1077 1990 ἐπιστήμη
1109 1919 1176 1975 οὐ
1206 1927 1301 1991 τῆς
1329 1920 1461 1991 παρ’
1482 1919 1616 1992 ἡμῖν
1636 1917 1708 1975 ἄν
1726 1919 1989 1990 ἀληθείας

314 2011 425 2073 εἴη,
463 2004 554 2058 καὶ
582 2005 653 2056 αὐ
683 2003 879 2073 ἑκάστη
910 2000 942 2073 ἡ
975 2000 1106 2073 παρ’
1135 2001 1268 2075 ἡμῖν
1287 2003 1551 2073 ἐπιστήμη
1573 2009 1684 2057 τῶν
1703 2001 1835 2073 παρ’
1857 2001 1988 2073 ἡμῖν

249 2100 280 2140 Β
315 2084 498 2140 ὄντων
539 2084 774 2140 ἑκάστου
812 2106 882 2138 αν
920 2085 1183 2156 ἐπιστήμη
1220 2090 1516 2156 συμβαίνοι
1545 2084 1708 2148 εἶναι;
1737 2082 1989 2155 Ἀνάγκη.

305 2163 467 2222 Ἀλλά
490 2163 600 2236 μὴν
629 2163 769 2220 αὐτά
797 2187 860 2236 γε
890 2164 955 2220 τὰ
986 2170 1130 2237 εἴδη,
1174 2165 1246 2231 ὡς
1284 2165 1594 2237 ὁμολογεῖς,
1634 2165 1762 2221 οὔτε
1798 2171 1990 2236 ἔχομεν

311 2247 440 2303 οὔτε
469 2246 601 2316 παρ’
622 2246 756 2318 ἡμῖν
774 2244 894 2302 οἷόν
913 2269 970 2302 τε
990 2247 1144 2303 εἶναι.
1208 2247 1293 2304 Οὐ
1311 2247 1419 2319 γὰρ
1439 2243 1558 2303 οὖν.
1615 2248 1987 2318 Γιγνώσκεται

313 2332 377 2383 δέ
402 2331 469 2397 γε’
494 2349 604 2382 που
632 2325 730 2382 ὑπ’
764 2328 937 2384 αὐτοῦ
967 2337 1068 2385 τοῦ
1096 2335 1278 2395 εἴδους
1306 2337 1408 2385 τοῦ
1426 2337 1519 2401 τῆς
1538 2331 1830 2401 ἐπιστήμης
1849 2329 1988 2384 αὐτὰ

313 2409 378 2465 τοὶ
399 2412 530 2480 γε’νη
551 2407 585 2464 ὁὶ
602 2413 748 2464 ἔστιν
767 2411 994 2478 ἕκαστα;
1029 2418 1156 2468 Ναί.
1200 2411 1262 2467 Ὅ
1282 2433 1343 2482 γε
1362 2409 1515 2482 ἡμεῖς
1534 2410 1638 2467 οὐκ
1656 2416 1861 2483 ἔχομεν.
1904 2410 1990 2467 Οὐ

309 2493 431 2563 γάρ.
490 2489 610 2547 Οὐκ
643 2490 750 2559 ἄρα
780 2488 890 2546 ὑπό
919 2515 980 2562 γε
1008 2491 1168 2564 ἡμῶν
1186 2494 1547 2564 γιγνώσκεται
1565 2500 1678 2548 τῶν
1699 2497 1861 2548 εἰδῶν
1883 2493 1984 2548 οὐ-

313 2577 434 2644 δέν,
473 2571 657 2644 ἐπειδὴ
690 2571 860 2644 αὐτῆς
885 2577 1178 2647 ἐπιστήμης
1198 2574 1266 2631 οὐ
1285 2578 1590 2646 μετέχομεν.
1650 2573 1771 2631 Οὐκ
1791 2579 1981 2630 ἔοικεν.

298 2656 617 2725 ’Ἀγνωστον
645 2654 752 2722 ἄρα
782 2653 911 2725 ἡμῖν
940 2659 1050 2712 ἐστὶ
1078 2660 1166 2712 καὶ
1198 2655 1331 2712 αὐτὸ
1359 2655 1420 2712 τὸ
1442 2655 1616 2712 καλὸν
1634 2653 1665 2711 ὃ
1682 2661 1793 2711 ἔστι
1813 2658 1900 2710 καὶ
1920 2654 1980 2710 τό

249 2755 285 2796 C
318 2736 539 2807 ἀγαθὸν
567 2740 657 2794 καὶ
686 2738 865 2792 πάντα
885 2735 920 2792 ὁὶ
940 2737 1004 2809 δὴ
1028 2737 1099 2803 ὥς
1121 2741 1266 2804 ἰδέας
1284 2737 1454 2803 αὐτὰς
1475 2738 1642 2801 οὔσας
1661 2734 1986 2808 ὑπολαμβά-

317 2840 501 2889 νομεν.
557 2820 900 2874 Κινδυνεύει.
944 2817 1080 2890 Ὅρα
1104 2819 1168 2892 δὴ
1192 2826 1269 2876 ἔτι
1287 2819 1490 2875 τούτου
1508 2819 1822 2888 δεινότερον
1840 2819 1985 2874 τόδε.
