2028 3198
696 287 1140 363 ΘΕΑΓΗΣ

450 396 519 484 [ἢ
551 404 680 479 περὶ
727 406 971 481 σοφίας·
1003 401 1382 483 μαιευτικός]

400 597 484 644 ΤΑ
523 596 661 643 ΤΟΥ
694 594 1068 642 ΔΙΛΛΟΓΟΥ
1098 593 1439 643 ΠΡΟΣΩΠΑ

193 691 738 761 ΔΗΜΟΔΟΚΟΣ,
777 690 1248 761 ΣΩΚΡΑΤΗΣ,
1298 687 1634 746 ΘΕΑΓΗΣ.

1760 782 1821 827 St.
1838 786 1866 828 1.

211 902 248 951 1.
308 876 401 955 Ὠ
426 897 741 966 Σώκρατες,
762 894 997 965 ἐδεόμην
1016 894 1151 951 ἅττα
1170 912 1258 951 σοι
1284 893 1759 964 ίδιολογήσασθαι,
1787 855 1866 951 {³21

69 984 122 1036 εί
153 980 347 1052 σχολή·
387 977 494 1035 κᾶν
525 984 576 1035 εί
599 978 828 1049 ἀσχολία
862 977 920 1033 δὲ
950 975 1023 1048 μὴ
1055 976 1205 1032 πάνυ
1234 998 1314 1042 τις
1332 976 1570 1048 μεγάλη,
1609 974 1759 1047 ὅμως

70 1064 206 1133 ἐμοῦ
226 1064 419 1119 ἕνεκεν
438 1067 663 1134 ποίησαι
679 1060 898 1132 σχολήν.

212 1150 337 1200 m.
385 1143 546 1200 Ἀλλά
566 1146 656 1200 καὶ
676 1143 855 1207 ἄλλως
871 1143 1124 1213 τυγχάνω
1144 1143 1438 1212 σχολάζων,
1455 1144 1545 1198 καὶ
1565 1141 1632 1214 δὴ
1653 1147 1759 1197 σοῦ

0 1233 5 1269 ’·
70 1248 135 1297 γε
154 1227 318 1283 ἕνεκα
338 1229 431 1283 καὶ
451 1227 618 1282 πάνυ.
640 1224 760 1283 ἀλλ’
787 1231 837 1282 εἰ
852 1248 902 1281 τι
921 1225 1111 1296 βούλει
1130 1227 1337 1296 λέγειν,
1358 1228 1579 1290 ἔξεστιν.

212 1316 342 1366 ΔΗ.
395 1310 598 1367 Βούλει
618 1303 724 1365 οὖν
744 1313 910 1378 δεῦρο
933 1312 1006 1373 εἰς
1024 1306 1128 1378 τὴν
1142 1313 1243 1363 τοῦ
1255 1306 1391 1372 Διὸς
1409 1313 1511 1363 τοῦ
1530 1309 1758 1364 ἐλευθε-

0 1452 1 1456 ,
70 1396 198 1462 ρίου
219 1391 391 1448 στοὰν
410 1390 667 1448 ἐκποδών
686 1390 1161 1462 άποχωρήσωμεν;

210 1481 335 1531 ΣΩ.
390 1480 462 1531 El
476 1477 562 1532 σοὶ
583 1479 747 1531 δοκεῖ.

210 1563 336 1613 ΔΗ.
379 1558 579 1629 Ἴωμεν
609 1558 706 1628 δή,
745 1550 790 1611 ὦ
819 1555 1126 1624 Σώκρατες.
1163 1556 1342 1612 πάντα
1362 1555 1429 1612 τὰ
1462 1555 1608 1627 φυτὰ
1637 1579 1759 1613 κιν-
1789 1570 1820 1611 Β

71 1639 296 1695 δυνεύει
313 1637 414 1695 τὸν
442 1637 617 1695 αὐτὸν
645 1639 856 1709 τρόπον
882 1643 1052 1710 ἔχειν,
1095 1641 1185 1695 καὶ
1212 1638 1277 1694 τὰ
1299 1642 1356 1695 ἐκ
1374 1646 1470 1711 τῆς
1489 1645 1588 1711 γῆς
1609 1640 1757 1710 φυό-

0 1768 1 1771 ¹
70 1742 210 1792 μενα
242 1722 333 1778 καὶ
361 1721 427 1776 τά
458 1726 595 1790 ζῶα,
631 1721 698 1776 τά
726 1743 783 1776 τε
813 1721 954 1777 ἄλλα
984 1725 1073 1778 καὶ
1099 1723 1416 1793 ἅνθρωπος.
1461 1721 1677 1794 καὶγὰρ
1697 1724 1759 1778 ἐν

69 1814 185 1869 τοῖς
213 1815 407 1874 φυτοῖς
438 1807 646 1878 ῥᾷστον
675 1802 806 1876 ἡμῖν
836 1812 1000 1861 τοῦτο
1037 1812 1311 1876 γίγνεται,
1352 1804 1475 1860 ὅσοι
1510 1802 1616 1876 τὴν
1650 1811 1760 1875 γῆν

70 1891 444 1957 γεωργοῦμεν,
467 1883 527 1942 τὸ
550 1886 1086 1955 παρασκευάσασθαι
1104 1886 1283 1943 πάντα
1301 1886 1367 1942 τὰ
1388 1887 1495 1957 πρὸ
1515 1893 1619 1943 τοῦ
1641 1909 1756 1958 φυ-

69 1967 254 2024 τεύειν
283 1969 373 2024 καὶ
405 1966 541 2024 αὐτὸ
572 1968 634 2025 τὸ
675 1977 973 2040 φυτεῦσαι·
1014 1969 1236 2027 ἐπειδάν
1273 1970 1331 2026 δὲ
1368 1969 1429 2026 τὸ
1471 1970 1758 2041 φυτευθὲν

69 2056 204 2124 βιῷ,
234 2050 368 2123 μετὰ
397 2058 562 2107 τοῦτο
592 2058 862 2121 θεραπεία
890 2060 992 2108 τοῦ
1014 2052 1223 2123 φύντος
1246 2053 1336 2107 καὶ
1356 2051 1528 2122 πολλὴ
1550 2053 1640 2108 καὶ
1659 2073 1759 2123 χα-

70 2129 209 2204 λεπὴ
240 2134 331 2187 καὶ
360 2133 633 2199 δύσκολος
661 2140 922 2205 γίγνεται.
958 2133 1106 2190 οὕτω
1142 2134 1199 2189 δὲ
1231 2138 1372 2205 ἔχειν
1402 2138 1543 2190 ἔοικε
1575 2134 1666 2190 καὶ
1693 2134 1753 2190 τὸ
1787 2144 1819 2187 C

74 2215 200 2286 περὶ
222 2219 338 2270 τῶν
367 2212 720 2284 ἀνθρώπων·
761 2215 867 2271 α’πό
891 2223 1004 2271 τῶν
1024 2220 1267 2287 ἐμαυτοῦ
1292 2216 1397 2287 ἐγώ
1418 2216 1758 2289 πραγμάτων

73 2302 434 2367 τεκμαίρομαι
464 2299 554 2353 καὶ
584 2301 639 2363 ές
669 2292 852 2354 τᾶλλα.
894 2301 983 2355 καὶ
1012 2298 1119 2369 γάρ
1151 2301 1267 2371 ἐμοὶ
1286 2298 1319 2371 ἡ
1340 2306 1443 2356 τοῦ
1460 2303 1607 2366 υἱέος
1625 2321 1758 2356 του-

72 2382 224 2446 τουΐ,
262 2385 367 2434 εἴτε
397 2387 631 2448 φυτείαν
650 2389 755 2436 εἴτε
779 2385 1134 2438 παιδοποιίαν
1155 2380 1429 2454 δεταύτὴν
1447 2379 1756 2454 ὀνομάζειν,

72 2461 302 2517 πάντων
322 2460 494 2534 ῥᾴστη
513 2463 758 2532 γέγονεν,
781 2461 813 2535 ἡ
833 2464 891 2520 δὲ
910 2464 1089 2536 τροφὴ
1109 2465 1383 2531 δύσκολός
1401 2486 1460 2521 τε
1480 2468 1569 2521 καὶ
1590 2463 1673 2522 ἀεὶ
1698 2469 1759 2523 ἐν

74 2543 237 2616 φόβῳ
262 2546 385 2614 περὶ
406 2541 581 2600 αὐτοῦ
599 2545 817 2601 δεδιότι.
856 2546 922 2601 τὰ
953 2550 1055 2618 μὲν
1080 2542 1188 2606 οὖν
1215 2547 1354 2606 ἄλλα
1385 2547 1560 2606 πολλὰ
1582 2545 1653 2605 ἂν
1673 2556 1756 2620 εἴη

74 2629 282 2698 λέγειν,
303 2624 335 2698 ἡ
358 2627 414 2683 δὲ
435 2634 542 2683 νῦν
562 2634 816 2696 παροῦσα
837 2630 1103 2702 ἐπιθυμία
1123 2631 1300 2705 τούτῳ
1323 2630 1474 2686 πάνυ
1492 2652 1558 2702 με
1577 2636 1753 2703 φοβεῖ.

74 2717 187 2769 ἐστι
204 2713 306 2784 μὲν
324 2711 431 2783 γὰρ
452 2710 556 2768 οὐκ
584 2711 849 2784 ἀγεννής,
888 2713 1136 2784 σφαλερὰ
1160 2717 1231 2769 δέ.
1263 2715 1528 2784 ἐπιθυμεῖ
1552 2710 1658 2784 γὰρ
1688 2711 1754 2785 δὴ

74 2787 237 2861 οὗτος
253 2794 414 2869 ἡμῖν,
437 2790 479 2852 ὦ
499 2796 819 2868 Σώκρατες,
843 2795 916 2863 ὥς
934 2814 1087 2868 φησι,
1112 2793 1288 2867 σοφὸς
1306 2798 1583 2867 γενέσθαι.
1608 2799 1756 2853 δοκεῖ
1786 2806 1819 2847 D
