<?xml version="1.0" encoding="UTF-8"?>
<!DOCTYPE html PUBLIC "-//W3C//DTD XHTML 1.0 Transitional//EN"
    "http://www.w3.org/TR/xhtml1/DTD/xhtml1-transitional.dtd">
<html xmlns="http://www.w3.org/1999/xhtml" xml:lang="en" lang="en">
 <head>
  <title>
</title>
<meta http-equiv="Content-Type" content="text/html;charset=utf-8" />
  <meta name='ocr-system' content='tesseract 3.04.00' />
  <meta name='ocr-capabilities' content='ocr_page ocr_carea ocr_par ocr_line ocrx_word'/>
</head>
<body>
  <div class='ocr_page' id='page_1' title='image "./dialogisecumdumt02platuoft_0258.png"; bbox 0 0 2028 3198; ppageno 0'>
   <div class='ocr_carea' id='block_1_1' title="bbox 309 95 1992 152">
    <p class='ocr_par' dir='ltr' id='par_1_1' title="bbox 309 95 1992 152">
     <span class='ocr_line' id='line_1_1' title="bbox 309 95 1992 152; baseline -0.002 -4"><span class='ocrx_word' id='word_1_1' title='bbox 309 95 414 148; x_wconf 79' lang='grc'><em>228</em></span> <span class='ocrx_word' id='word_1_2' title='bbox 926 97 1402 146; x_wconf 71' lang='grc' dir='ltr'><em>ΠΛΑΤῼΝΟΣ</em></span> <span class='ocrx_word' id='word_1_3' title='bbox 1934 107 1992 152; x_wconf 88' lang='grc' dir='ltr'><em>9ο</em></span> 
     </span>
    </p>
   </div>
   <div class='ocr_carea' id='block_1_2' title="bbox 312 226 1990 306">
    <p class='ocr_par' dir='ltr' id='par_1_2' title="bbox 312 226 1990 306">
     <span class='ocr_line' id='line_1_2' title="bbox 312 226 1990 306; baseline 0.001 -20"><span class='ocrx_word' id='word_1_4' title='bbox 312 248 394 295; x_wconf 89' lang='grc' dir='ltr'><em>σις</em></span> <span class='ocrx_word' id='word_1_5' title='bbox 431 229 756 298; x_wconf 86' lang='grc' dir='ltr'><em>πρόσεστιν,</em></span> <span class='ocrx_word' id='word_1_6' title='bbox 800 226 926 284; x_wconf 81' lang='grc' dir='ltr'><em>οὐδ’</em></span> <span class='ocrx_word' id='word_1_7' title='bbox 956 227 994 299; x_wconf 82' lang='grc' dir='ltr'><em>ἥ</em></span> <span class='ocrx_word' id='word_1_8' title='bbox 1021 232 1137 285; x_wconf 84' lang='grc' dir='ltr'><em>ἐστί</em></span> <span class='ocrx_word' id='word_1_9' title='bbox 1161 250 1271 286; x_wconf 90' lang='grc' dir='ltr'><em>που</em></span> <span class='ocrx_word' id='word_1_10' title='bbox 1300 233 1456 301; x_wconf 80' lang='grc' dir='ltr'><em>ἑτέρα</em></span> <span class='ocrx_word' id='word_1_11' title='bbox 1483 233 1545 287; x_wconf 83' lang='grc' dir='ltr'><em>ἐν</em></span> <span class='ocrx_word' id='word_1_12' title='bbox 1564 233 1728 306; x_wconf 76' lang='grc' dir='ltr'><em>ἑτέρῳ</em></span> <span class='ocrx_word' id='word_1_13' title='bbox 1749 227 1889 287; x_wconf 80' lang='grc' dir='ltr'><em>οὖσα</em></span> <span class='ocrx_word' id='word_1_14' title='bbox 1911 228 1990 288; x_wconf 70' lang='grc' dir='ltr'><em>ὦν</em></span> 
     </span>
    </p>
   </div>
   <div class='ocr_carea' id='block_1_3' title="bbox 247 309 1991 388">
    <p class='ocr_par' dir='ltr' id='par_1_3' title="bbox 247 309 1991 388">
     <span class='ocr_line' id='line_1_3' title="bbox 247 309 1991 388; baseline 0 -20"><span class='ocrx_word' id='word_1_15' title='bbox 247 335 281 376; x_wconf 81' lang='grc' dir='ltr'>Ε</span> <span class='ocrx_word' id='word_1_16' title='bbox 313 312 464 384; x_wconf 80' lang='grc' dir='ltr'><em>ἡμεῖς</em></span> <span class='ocrx_word' id='word_1_17' title='bbox 483 317 590 367; x_wconf 86' lang='grc' dir='ltr'><em>νῦν</em></span> <span class='ocrx_word' id='word_1_18' title='bbox 612 310 793 366; x_wconf 84' lang='grc' dir='ltr'><em>ὅντων</em></span> <span class='ocrx_word' id='word_1_19' title='bbox 819 318 1114 382; x_wconf 80' lang='grc' dir='ltr'><em>καλοῦμεν,</em></span> <span class='ocrx_word' id='word_1_20' title='bbox 1134 311 1273 369; x_wconf 79' lang='grc' dir='ltr'><em>ἀλλὰ</em></span> <span class='ocrx_word' id='word_1_21' title='bbox 1291 310 1395 384; x_wconf 84' lang='grc' dir='ltr'><em>τὴν</em></span> <span class='ocrx_word' id='word_1_22' title='bbox 1414 316 1475 369; x_wconf 87' lang='grc' dir='ltr'><em>ἐν</em></span> <span class='ocrx_word' id='word_1_23' title='bbox 1491 319 1566 388; x_wconf 77' lang='grc' dir='ltr'><em>τῷ</em></span> <span class='ocrx_word' id='word_1_24' title='bbox 1588 311 1622 370; x_wconf 86' lang='lat'><em>‹‘›&#39;</em></span> <span class='ocrx_word' id='word_1_25' title='bbox 1637 316 1785 369; x_wconf 84' lang='grc' dir='ltr'><em>ἐστιν</em></span> <span class='ocrx_word' id='word_1_26' title='bbox 1805 309 1872 369; x_wconf 76' lang='grc' dir='ltr'><em>ὂν</em></span> <span class='ocrx_word' id='word_1_27' title='bbox 1892 313 1991 369; x_wconf 84' lang='grc' dir='ltr'><em>ὅν-</em></span> 
     </span>
    </p>
   </div>
   <div class='ocr_carea' id='block_1_4' title="bbox 308 388 1992 881">
    <p class='ocr_par' dir='ltr' id='par_1_4' title="bbox 308 388 1992 799">
     <span class='ocr_line' id='line_1_4' title="bbox 310 388 1991 466; baseline 0.001 -18"><span class='ocrx_word' id='word_1_28' title='bbox 310 417 414 459; x_wconf 87' lang='grc' dir='ltr'><em>τως</em></span> <span class='ocrx_word' id='word_1_29' title='bbox 436 393 739 466; x_wconf 82' lang='grc' dir='ltr'><strong><em>ἐπιστήμην</em></strong></span> <span class='ocrx_word' id='word_1_30' title='bbox 760 388 959 450; x_wconf 72' lang='grc' dir='ltr'><em>οὖσαν·</em></span> <span class='ocrx_word' id='word_1_31' title='bbox 994 395 1087 451; x_wconf 86' lang='grc' dir='ltr'><em>καὶ</em></span> <span class='ocrx_word' id='word_1_32' title='bbox 1107 389 1280 451; x_wconf 78' lang='grc' dir='ltr'><em>τᾶλλα</em></span> <span class='ocrx_word' id='word_1_33' title='bbox 1300 393 1563 460; x_wconf 75' lang='grc' dir='ltr'><em>ὡσαύτως</em></span> <span class='ocrx_word' id='word_1_34' title='bbox 1581 393 1646 450; x_wconf 81' lang='grc' dir='ltr'><em>τά</em></span> <span class='ocrx_word' id='word_1_35' title='bbox 1666 394 1800 451; x_wconf 85' lang='grc' dir='ltr'><em>ὅντα</em></span> <span class='ocrx_word' id='word_1_36' title='bbox 1818 394 1991 461; x_wconf 85' lang='grc' dir='ltr'><em>ὅντως</em></span> 
     </span>
     <span class='ocr_line' id='line_1_5' title="bbox 308 477 1991 549; baseline 0.001 -18"><span class='ocrx_word' id='word_1_37' title='bbox 308 479 626 548; x_wconf 80' lang='grc' dir='ltr'><em>θεασαμένη</em></span> <span class='ocrx_word' id='word_1_38' title='bbox 667 478 758 533; x_wconf 86' lang='grc' dir='ltr'><em>καὶ</em></span> <span class='ocrx_word' id='word_1_39' title='bbox 792 480 1132 549; x_wconf 82' lang='grc' dir='ltr'><em>ἕστιαθεῖσα,</em></span> <span class='ocrx_word' id='word_1_40' title='bbox 1171 481 1314 533; x_wconf 84' lang='grc' dir='ltr'><em>δῦσα</em></span> <span class='ocrx_word' id='word_1_41' title='bbox 1339 478 1508 534; x_wconf 90' lang='grc' dir='ltr'><em>πάλιν</em></span> <span class='ocrx_word' id='word_1_42' title='bbox 1537 483 1613 543; x_wconf 84' lang='grc' dir='ltr'><em>εἰς</em></span> <span class='ocrx_word' id='word_1_43' title='bbox 1639 477 1700 534; x_wconf 85' lang='grc' dir='ltr'><em>τὸ</em></span> <span class='ocrx_word' id='word_1_44' title='bbox 1732 487 1861 535; x_wconf 76' lang='grc' dir='ltr'><em>εἴσω</em></span> <span class='ocrx_word' id='word_1_45' title='bbox 1890 483 1991 535; x_wconf 79' lang='grc' dir='ltr'><em>τοῦ</em></span> 
     </span>
     <span class='ocr_line' id='line_1_6' title="bbox 309 556 1992 634; baseline 0.001 -19"><span class='ocrx_word' id='word_1_46' title='bbox 309 558 586 632; x_wconf 84' lang='grc' dir='ltr'><em>οὐρανοῦ,</em></span> <span class='ocrx_word' id='word_1_47' title='bbox 630 565 816 616; x_wconf 76' lang='grc' dir='ltr'><em>οἴκαδε</em></span> <span class='ocrx_word' id='word_1_48' title='bbox 851 556 1059 632; x_wconf 78' lang='grc' dir='ltr'><em>ἦλθεν,</em></span> <span class='ocrx_word' id='word_1_49' title='bbox 1099 561 1373 632; x_wconf 80' lang='grc' dir='ltr'><strong><em>ἐλθούσης</em></strong></span> <span class='ocrx_word' id='word_1_50' title='bbox 1410 562 1468 618; x_wconf 77' lang='grc' dir='ltr'><em>δὲ</em></span> <span class='ocrx_word' id='word_1_51' title='bbox 1499 561 1667 634; x_wconf 79' lang='grc' dir='ltr'><em>αὐτῆς</em></span> <span class='ocrx_word' id='word_1_52' title='bbox 1705 560 1735 617; x_wconf 84' lang='grc' dir='ltr'>ὁ</span> <span class='ocrx_word' id='word_1_53' title='bbox 1774 561 1992 633; x_wconf 85' lang='grc' dir='ltr'><em>ἡνίοχος</em></span> 
     </span>
     <span class='ocr_line' id='line_1_7' title="bbox 309 639 1992 717; baseline 0.001 -20"><span class='ocrx_word' id='word_1_54' title='bbox 309 641 450 712; x_wconf 84' lang='grc' dir='ltr'><em>πρὸς</em></span> <span class='ocrx_word' id='word_1_55' title='bbox 480 639 583 714; x_wconf 84' lang='grc' dir='ltr'><em>τὴν</em></span> <span class='ocrx_word' id='word_1_56' title='bbox 614 643 837 714; x_wconf 78' lang='grc' dir='ltr'><em>φάτνην</em></span> <span class='ocrx_word' id='word_1_57' title='bbox 857 643 985 708; x_wconf 79' lang='grc' dir='ltr'><em>τοὺς</em></span> <span class='ocrx_word' id='word_1_58' title='bbox 1001 647 1208 707; x_wconf 78' lang='grc' dir='ltr'><strong><em>ἵππους</em></strong></span> <span class='ocrx_word' id='word_1_59' title='bbox 1230 645 1431 715; x_wconf 80' lang='grc' dir='ltr'><em>στήσας</em></span> <span class='ocrx_word' id='word_1_60' title='bbox 1449 647 1760 717; x_wconf 82' lang='grc' dir='ltr'><em>παρέβαλεν</em></span> <span class='ocrx_word' id='word_1_61' title='bbox 1779 644 1992 716; x_wconf 87' lang='grc' dir='ltr'><em>ἀμβρο-</em></span> 
     </span>
     <span class='ocr_line' id='line_1_8' title="bbox 308 723 1359 799; baseline 0.001 -19"><span class='ocrx_word' id='word_1_62' title='bbox 308 730 434 781; x_wconf 86' lang='grc' dir='ltr'><em>σίαν</em></span> <span class='ocrx_word' id='word_1_63' title='bbox 453 747 510 780; x_wconf 86' lang='grc' dir='ltr'><em>τε</em></span> <span class='ocrx_word' id='word_1_64' title='bbox 530 727 621 781; x_wconf 83' lang='grc' dir='ltr'><em>καὶ</em></span> <span class='ocrx_word' id='word_1_65' title='bbox 638 723 723 792; x_wconf 83' lang='grc' dir='ltr'><em>ἐπ’</em></span> <span class='ocrx_word' id='word_1_66' title='bbox 748 726 889 799; x_wconf 81' lang='grc' dir='ltr'><em>αὐτῇ</em></span> <span class='ocrx_word' id='word_1_67' title='bbox 907 728 1106 797; x_wconf 89' lang='grc' dir='ltr'><em>νέκταρ</em></span> <span class='ocrx_word' id='word_1_68' title='bbox 1128 726 1359 782; x_wconf 83' lang='grc' dir='ltr'><em>ἐπότισε.</em></span> 
     </span>
    </p>

    <p class='ocr_par' dir='ltr' id='par_1_5' title="bbox 447 803 1990 881">
     <span class='ocr_line' id='line_1_9' title="bbox 447 803 1990 881; baseline 0.002 -18"><span class='ocrx_word' id='word_1_69' title='bbox 447 814 675 866; x_wconf 84' lang='lat' dir='ltr'><strong>XXVIII.</strong></span> <span class='ocrx_word' id='word_1_70' title='bbox 743 810 853 864; x_wconf 83' lang='grc' dir='ltr'><em>Καὶ</em></span> <span class='ocrx_word' id='word_1_71' title='bbox 885 803 1047 873; x_wconf 81' lang='grc' dir='ltr'><em>οὗτος</em></span> <span class='ocrx_word' id='word_1_72' title='bbox 1074 808 1174 879; x_wconf 79' lang='grc' dir='ltr'><em>μὲν</em></span> <span class='ocrx_word' id='word_1_73' title='bbox 1193 815 1348 865; x_wconf 74' lang='grc' dir='ltr'><em>θεῶν</em></span> <span class='ocrx_word' id='word_1_74' title='bbox 1365 816 1484 881; x_wconf 89' lang='grc' dir='ltr'><em>βίος</em></span> <span class='ocrx_word' id='word_1_75' title='bbox 1499 831 1509 842; x_wconf 89' lang='grc'><em>·</em></span> <span class='ocrx_word' id='word_1_76' title='bbox 1546 814 1605 866; x_wconf 78' lang='grc' dir='ltr'><em>αἱ</em></span> <span class='ocrx_word' id='word_1_77' title='bbox 1623 811 1681 867; x_wconf 76' lang='grc' dir='ltr'><em>δὲ</em></span> <span class='ocrx_word' id='word_1_78' title='bbox 1699 810 1861 866; x_wconf 78' lang='grc' dir='ltr'><em>ἄλλαι</em></span> <span class='ocrx_word' id='word_1_79' title='bbox 1878 822 1990 877; x_wconf 81' lang='grc' dir='ltr'><em>ψυ-</em></span> 
     </span>
    </p>
   </div>
   <div class='ocr_carea' id='block_1_5' title="bbox 191 889 1989 965">
    <p class='ocr_par' dir='ltr' id='par_1_6' title="bbox 191 889 1989 965">
     <span class='ocr_line' id='line_1_10' title="bbox 191 889 1989 965; baseline 0 -16"><span class='ocrx_word' id='word_1_80' title='bbox 191 905 278 951; x_wconf 75' lang='lat'><em>248</em></span> <span class='ocrx_word' id='word_1_81' title='bbox 308 896 422 961; x_wconf 91' lang='grc' dir='ltr'><em>χαί,</em></span> <span class='ocrx_word' id='word_1_82' title='bbox 462 889 495 962; x_wconf 81' lang='grc' dir='ltr'><em>ἡ</em></span> <span class='ocrx_word' id='word_1_83' title='bbox 526 891 627 961; x_wconf 77' lang='grc' dir='ltr'><em>μὲν</em></span> <span class='ocrx_word' id='word_1_84' title='bbox 655 889 851 957; x_wconf 76' lang='grc' dir='ltr'><em>ἄριστα</em></span> <span class='ocrx_word' id='word_1_85' title='bbox 878 897 999 965; x_wconf 76' lang='grc' dir='ltr'><em>θεῷ</em></span> <span class='ocrx_word' id='word_1_86' title='bbox 1029 892 1264 962; x_wconf 80' lang='grc' dir='ltr'><em>ἑπομένη</em></span> <span class='ocrx_word' id='word_1_87' title='bbox 1287 893 1378 947; x_wconf 87' lang='grc' dir='ltr'><em>καὶ</em></span> <span class='ocrx_word' id='word_1_88' title='bbox 1401 895 1691 964; x_wconf 78' lang='grc' dir='ltr'><em>εἰκασμένη</em></span> <span class='ocrx_word' id='word_1_89' title='bbox 1714 891 1989 965; x_wconf 77' lang='grc' dir='ltr'><em>ὑπερῆρεν</em></span> 
     </span>
    </p>
   </div>
   <div class='ocr_carea' id='block_1_6' title="bbox 306 970 1991 1458">
    <p class='ocr_par' dir='ltr' id='par_1_7' title="bbox 306 970 1991 1458">
     <span class='ocr_line' id='line_1_11' title="bbox 309 970 1991 1047; baseline 0.001 -19"><span class='ocrx_word' id='word_1_90' title='bbox 309 978 385 1037; x_wconf 86' lang='grc' dir='ltr'><em>εἰς</em></span> <span class='ocrx_word' id='word_1_91' title='bbox 403 971 503 1029; x_wconf 82' lang='grc' dir='ltr'><em>τὸν</em></span> <span class='ocrx_word' id='word_1_92' title='bbox 523 977 623 1039; x_wconf 80' lang='grc' dir='ltr'><em>ἔξω</em></span> <span class='ocrx_word' id='word_1_93' title='bbox 644 973 819 1028; x_wconf 90' lang='grc' dir='ltr'><em>τόπον</em></span> <span class='ocrx_word' id='word_1_94' title='bbox 838 972 941 1044; x_wconf 79' lang='grc' dir='ltr'><em>τὴν</em></span> <span class='ocrx_word' id='word_1_95' title='bbox 961 979 1063 1028; x_wconf 83' lang='grc' dir='ltr'><em>τοῦ</em></span> <span class='ocrx_word' id='word_1_96' title='bbox 1082 970 1311 1044; x_wconf 79' lang='grc' dir='ltr'><em>ἡνιόχου</em></span> <span class='ocrx_word' id='word_1_97' title='bbox 1341 971 1619 1047; x_wconf 83' lang='grc' dir='ltr'><em>κεφαλήν,</em></span> <span class='ocrx_word' id='word_1_98' title='bbox 1658 977 1748 1030; x_wconf 87' lang='grc' dir='ltr'><em>καὶ</em></span> <span class='ocrx_word' id='word_1_99' title='bbox 1777 993 1991 1046; x_wconf 84' lang='grc' dir='ltr'><em>συμπε-</em></span> 
     </span>
     <span class='ocr_line' id='line_1_12' title="bbox 307 1053 1990 1128; baseline 0.001 -17"><span class='ocrx_word' id='word_1_100' title='bbox 307 1058 570 1126; x_wconf 87' lang='grc' dir='ltr'><em>ριηνέχθη</em></span> <span class='ocrx_word' id='word_1_101' title='bbox 598 1053 700 1126; x_wconf 85' lang='grc' dir='ltr'><em>τὴν</em></span> <span class='ocrx_word' id='word_1_102' title='bbox 729 1055 1069 1125; x_wconf 87' lang='grc' dir='ltr'><em>περιφοράν,</em></span> <span class='ocrx_word' id='word_1_103' title='bbox 1105 1058 1501 1128; x_wconf 88' lang='grc' dir='ltr'><em>θορυβουμένη</em></span> <span class='ocrx_word' id='word_1_104' title='bbox 1531 1055 1642 1113; x_wconf 82' lang='grc' dir='ltr'><em>ὑπὸ</em></span> <span class='ocrx_word' id='word_1_105' title='bbox 1675 1064 1788 1114; x_wconf 74' lang='grc' dir='ltr'><em>τῶν</em></span> <span class='ocrx_word' id='word_1_106' title='bbox 1805 1061 1990 1113; x_wconf 82' lang='grc' dir='ltr'><em>ἵππων</em></span> 
     </span>
     <span class='ocr_line' id='line_1_13' title="bbox 306 1135 1990 1210; baseline 0.002 -18"><span class='ocrx_word' id='word_1_107' title='bbox 306 1142 397 1193; x_wconf 86' lang='grc' dir='ltr'><em>καὶ</em></span> <span class='ocrx_word' id='word_1_108' title='bbox 418 1139 577 1209; x_wconf 92' lang='grc' dir='ltr'><em>μόγις</em></span> <span class='ocrx_word' id='word_1_109' title='bbox 596 1144 900 1207; x_wconf 73' lang='grc' dir='ltr'><em>καθορῶσα</em></span> <span class='ocrx_word' id='word_1_110' title='bbox 928 1137 994 1191; x_wconf 82' lang='grc' dir='ltr'><em>τά</em></span> <span class='ocrx_word' id='word_1_111' title='bbox 1015 1135 1174 1192; x_wconf 81' lang='grc' dir='ltr'><em>ὅντα·</em></span> <span class='ocrx_word' id='word_1_112' title='bbox 1214 1136 1248 1209; x_wconf 80' lang='grc' dir='ltr'><em>ἡ</em></span> <span class='ocrx_word' id='word_1_113' title='bbox 1278 1139 1336 1194; x_wconf 78' lang='grc' dir='ltr'><em>δὲ</em></span> <span class='ocrx_word' id='word_1_114' title='bbox 1354 1138 1476 1195; x_wconf 76' lang='grc' dir='ltr'><em>τοτὲ</em></span> <span class='ocrx_word' id='word_1_115' title='bbox 1494 1139 1596 1210; x_wconf 75' lang='grc' dir='ltr'><em>μὲν</em></span> <span class='ocrx_word' id='word_1_116' title='bbox 1623 1135 1749 1210; x_wconf 81' lang='grc' dir='ltr'><em>ἦρε,</em></span> <span class='ocrx_word' id='word_1_117' title='bbox 1790 1143 1910 1196; x_wconf 77' lang='grc' dir='ltr'><em>τοτὲ</em></span> <span class='ocrx_word' id='word_1_118' title='bbox 1931 1141 1990 1196; x_wconf 77' lang='grc' dir='ltr'><em>δὲ</em></span> 
     </span>
     <span class='ocr_line' id='line_1_14' title="bbox 308 1219 1991 1293; baseline 0.002 -18"><span class='ocrx_word' id='word_1_119' title='bbox 308 1225 422 1290; x_wconf 82' lang='grc' dir='ltr'><em>ἔδυ,</em></span> <span class='ocrx_word' id='word_1_120' title='bbox 445 1222 784 1291; x_wconf 82' lang='grc' dir='ltr'><em>βιαζομένων</em></span> <span class='ocrx_word' id='word_1_121' title='bbox 807 1222 866 1274; x_wconf 83' lang='grc' dir='ltr'><em>δὲ</em></span> <span class='ocrx_word' id='word_1_122' title='bbox 884 1226 995 1274; x_wconf 79' lang='grc' dir='ltr'><em>τῶν</em></span> <span class='ocrx_word' id='word_1_123' title='bbox 1013 1223 1198 1276; x_wconf 80' lang='grc' dir='ltr'><em>ἵππων</em></span> <span class='ocrx_word' id='word_1_124' title='bbox 1217 1219 1283 1275; x_wconf 78' lang='grc' dir='ltr'><em>τά</em></span> <span class='ocrx_word' id='word_1_125' title='bbox 1303 1222 1404 1291; x_wconf 73' lang='grc' dir='ltr'><em>μὲν</em></span> <span class='ocrx_word' id='word_1_126' title='bbox 1424 1221 1559 1293; x_wconf 84' lang='grc' dir='ltr'><em>εἶδε,</em></span> <span class='ocrx_word' id='word_1_127' title='bbox 1583 1221 1649 1277; x_wconf 80' lang='grc' dir='ltr'><em>τά</em></span> <span class='ocrx_word' id='word_1_128' title='bbox 1667 1221 1718 1277; x_wconf 88' lang='grc' dir='ltr'><em>δ’</em></span> <span class='ocrx_word' id='word_1_129' title='bbox 1742 1222 1832 1278; x_wconf 83' lang='grc' dir='ltr'><em>οὔ·</em></span> <span class='ocrx_word' id='word_1_130' title='bbox 1856 1227 1916 1283; x_wconf 67' lang='grc' dir='ltr'><em>αἱ</em></span> <span class='ocrx_word' id='word_1_131' title='bbox 1933 1222 1991 1278; x_wconf 76' lang='grc' dir='ltr'><em>δὲ</em></span> 
     </span>
     <span class='ocr_line' id='line_1_15' title="bbox 308 1301 1984 1376; baseline 0.001 -17"><span class='ocrx_word' id='word_1_132' title='bbox 308 1302 374 1375; x_wconf 85' lang='grc' dir='ltr'><em>δὴ</em></span> <span class='ocrx_word' id='word_1_133' title='bbox 407 1302 568 1359; x_wconf 78' lang='grc' dir='ltr'><em>ἄλλαι</em></span> <span class='ocrx_word' id='word_1_134' title='bbox 598 1303 916 1373; x_wconf 88' lang='grc' dir='ltr'><em>γλιχόμεναι</em></span> <span class='ocrx_word' id='word_1_135' title='bbox 947 1303 1049 1373; x_wconf 79' lang='grc' dir='ltr'><em>μὲν</em></span> <span class='ocrx_word' id='word_1_136' title='bbox 1079 1301 1289 1359; x_wconf 79' lang='grc' dir='ltr'><em>ἅπασαι</em></span> <span class='ocrx_word' id='word_1_137' title='bbox 1317 1310 1418 1359; x_wconf 84' lang='grc' dir='ltr'><em>τοῦ</em></span> <span class='ocrx_word' id='word_1_138' title='bbox 1440 1303 1559 1360; x_wconf 78' lang='grc' dir='ltr'><em>ἄνω</em></span> <span class='ocrx_word' id='word_1_139' title='bbox 1578 1305 1831 1376; x_wconf 81' lang='grc' dir='ltr'><em>ἕπονται,</em></span> <span class='ocrx_word' id='word_1_140' title='bbox 1853 1303 1984 1360; x_wconf 85' lang='grc' dir='ltr'><em>ἀδυ-</em></span> 
     </span>
     <span class='ocr_line' id='line_1_16' title="bbox 308 1383 1989 1458; baseline 0.001 -17"><span class='ocrx_word' id='word_1_141' title='bbox 308 1392 575 1442; x_wconf 84' lang='grc' dir='ltr'><em>νατοῦσαι</em></span> <span class='ocrx_word' id='word_1_142' title='bbox 595 1387 652 1442; x_wconf 79' lang='grc' dir='ltr'><em>δὲ</em></span> <span class='ocrx_word' id='word_1_143' title='bbox 673 1383 1009 1457; x_wconf 82' lang='grc' dir='ltr'><em>ὑποβρύχιαι</em></span> <span class='ocrx_word' id='word_1_144' title='bbox 1028 1389 1525 1458; x_wconf 82' lang='grc' dir='ltr'><em>ξυμπεριφέρονται</em></span> <span class='ocrx_word' id='word_1_145' title='bbox 1538 1430 1552 1457; x_wconf 94' lang='grc'><em>,</em></span> <span class='ocrx_word' id='word_1_146' title='bbox 1590 1394 1863 1443; x_wconf 86' lang='grc' dir='ltr'><em>πατοῦσαι</em></span> <span class='ocrx_word' id='word_1_147' title='bbox 1891 1385 1989 1442; x_wconf 82' lang='grc' dir='ltr'><em>ἀλ-</em></span> 
     </span>
    </p>
   </div>
   <div class='ocr_carea' id='block_1_7' title="bbox 246 1468 1987 1542">
    <p class='ocr_par' dir='ltr' id='par_1_8' title="bbox 246 1468 1987 1542">
     <span class='ocr_line' id='line_1_17' title="bbox 246 1468 1987 1542; baseline 0.002 -22"><span class='ocrx_word' id='word_1_148' title='bbox 246 1480 279 1520; x_wconf 91' lang='grc' dir='ltr'><em>Β</em></span> <span class='ocrx_word' id='word_1_149' title='bbox 308 1469 475 1540; x_wconf 85' lang='grc' dir='ltr'><em>λη’λας</em></span> <span class='ocrx_word' id='word_1_150' title='bbox 495 1471 587 1525; x_wconf 90' lang='grc' dir='ltr'><em>καὶ</em></span> <span class='ocrx_word' id='word_1_151' title='bbox 609 1468 1008 1539; x_wconf 75' lang='grc' dir='ltr'><em>ἐπιβάλλουσαι</em></span> <span class='ocrx_word' id='word_1_152' title='bbox 1020 1510 1035 1536; x_wconf 91' lang='grc'><em>,</em></span> <span class='ocrx_word' id='word_1_153' title='bbox 1058 1469 1212 1538; x_wconf 82' lang='grc' dir='ltr'><em>ἑτέρα</em></span> <span class='ocrx_word' id='word_1_154' title='bbox 1235 1468 1341 1541; x_wconf 82' lang='grc' dir='ltr'><em>πρὸ</em></span> <span class='ocrx_word' id='word_1_155' title='bbox 1362 1477 1458 1540; x_wconf 81' lang='grc' dir='ltr'><em>τῆς</em></span> <span class='ocrx_word' id='word_1_156' title='bbox 1479 1472 1662 1539; x_wconf 84' lang='grc' dir='ltr'><em>ἑτέρας</em></span> <span class='ocrx_word' id='word_1_157' title='bbox 1680 1471 1987 1542; x_wconf 88' lang='grc' dir='ltr'><em>πειρωμένη</em></span> 
     </span>
    </p>
   </div>
   <div class='ocr_carea' id='block_1_8' title="bbox 243 2145 273 2186">
    <p class='ocr_par' dir='ltr' id='par_1_9' title="bbox 243 2145 273 2186">
     <span class='ocr_line' id='line_1_18' title="bbox 243 2145 273 2186; baseline 0 0"><span class='ocrx_word' id='word_1_158' title='bbox 243 2145 273 2186; x_wconf 89' lang='lat' dir='ltr'>C</span> 
     </span>
    </p>
   </div>
   <div class='ocr_carea' id='block_1_9' title="bbox 303 1543 1993 2778">
    <p class='ocr_par' dir='ltr' id='par_1_10' title="bbox 303 1543 1993 2778">
     <span class='ocr_line' id='line_1_19' title="bbox 305 1543 1987 1623; baseline 0.001 -18"><span class='ocrx_word' id='word_1_159' title='bbox 305 1553 586 1621; x_wconf 88' lang='grc' dir='ltr'><em>γενέσθαι.</em></span> <span class='ocrx_word' id='word_1_160' title='bbox 612 1551 865 1621; x_wconf 88' lang='grc' dir='ltr'><em>θόρυβος</em></span> <span class='ocrx_word' id='word_1_161' title='bbox 895 1543 999 1605; x_wconf 77' lang='grc' dir='ltr'><em>οὖν</em></span> <span class='ocrx_word' id='word_1_162' title='bbox 1023 1552 1114 1606; x_wconf 87' lang='grc' dir='ltr'><em>καὶ</em></span> <span class='ocrx_word' id='word_1_163' title='bbox 1144 1551 1346 1623; x_wconf 75' lang='grc' dir='ltr'><em>ἅμιλλα</em></span> <span class='ocrx_word' id='word_1_164' title='bbox 1365 1554 1456 1608; x_wconf 88' lang='grc' dir='ltr'><em>καὶ</em></span> <span class='ocrx_word' id='word_1_165' title='bbox 1477 1550 1642 1622; x_wconf 66' lang='grc' dir='ltr'><em>ι’δρως</em></span> <span class='ocrx_word' id='word_1_166' title='bbox 1663 1557 1885 1623; x_wconf 80' lang='grc' dir='ltr'><em>ἔσχατος</em></span> <span class='ocrx_word' id='word_1_167' title='bbox 1904 1558 1987 1622; x_wconf 83' lang='grc' dir='ltr'><em>γί-</em></span> 
     </span>
     <span class='ocr_line' id='line_1_20' title="bbox 304 1625 1990 1705; baseline 0 -17"><span class='ocrx_word' id='word_1_168' title='bbox 304 1655 508 1705; x_wconf 88' lang='grc' dir='ltr'><em>γνεται,</em></span> <span class='ocrx_word' id='word_1_169' title='bbox 530 1625 603 1689; x_wconf 77' lang='grc' dir='ltr'><em>οὗ</em></span> <span class='ocrx_word' id='word_1_170' title='bbox 618 1631 684 1703; x_wconf 86' lang='grc' dir='ltr'><em>δὴ</em></span> <span class='ocrx_word' id='word_1_171' title='bbox 707 1638 873 1705; x_wconf 83' lang='grc' dir='ltr'><em>κακίᾳ</em></span> <span class='ocrx_word' id='word_1_172' title='bbox 889 1631 1130 1704; x_wconf 86' lang='grc' dir='ltr'><em>ἡνιόχων</em></span> <span class='ocrx_word' id='word_1_173' title='bbox 1145 1636 1341 1690; x_wconf 86' lang='grc' dir='ltr'><em>πολλαὶ</em></span> <span class='ocrx_word' id='word_1_174' title='bbox 1360 1635 1462 1705; x_wconf 78' lang='grc' dir='ltr'><em>μὲν</em></span> <span class='ocrx_word' id='word_1_175' title='bbox 1478 1634 1832 1705; x_wconf 81' lang='grc' dir='ltr'><em>χωλεύονται,</em></span> <span class='ocrx_word' id='word_1_176' title='bbox 1853 1641 1990 1689; x_wconf 90' lang='grc' dir='ltr'><em>πολ-</em></span> 
     </span>
     <span class='ocr_line' id='line_1_21' title="bbox 307 1713 1989 1787; baseline -0.001 -16"><span class='ocrx_word' id='word_1_177' title='bbox 307 1718 394 1771; x_wconf 89' lang='grc' dir='ltr'><em>λαὶ</em></span> <span class='ocrx_word' id='word_1_178' title='bbox 414 1719 472 1771; x_wconf 74' lang='grc' dir='ltr'><em>δὲ</em></span> <span class='ocrx_word' id='word_1_179' title='bbox 492 1713 667 1771; x_wconf 77' lang='grc' dir='ltr'><em>πολλὰ</em></span> <span class='ocrx_word' id='word_1_180' title='bbox 692 1714 864 1787; x_wconf 78' lang='grc' dir='ltr'><em>πτερά</em></span> <span class='ocrx_word' id='word_1_181' title='bbox 894 1716 1234 1786; x_wconf 80' lang='grc' dir='ltr'><em>θραύονται·</em></span> <span class='ocrx_word' id='word_1_182' title='bbox 1274 1723 1444 1772; x_wconf 80' lang='grc' dir='ltr'><em>πᾶσαι</em></span> <span class='ocrx_word' id='word_1_183' title='bbox 1473 1717 1532 1773; x_wconf 77' lang='grc' dir='ltr'><em>δὲ</em></span> <span class='ocrx_word' id='word_1_184' title='bbox 1561 1714 1741 1772; x_wconf 76' lang='grc' dir='ltr'><em>πολὺν</em></span> <span class='ocrx_word' id='word_1_185' title='bbox 1771 1722 1989 1787; x_wconf 74' lang='grc' dir='ltr'><em>ἔχουσαι</em></span> 
     </span>
     <span class='ocr_line' id='line_1_22' title="bbox 306 1795 1991 1871; baseline 0 -18"><span class='ocrx_word' id='word_1_186' title='bbox 306 1798 485 1854; x_wconf 89' lang='grc' dir='ltr'><em>πόνον</em></span> <span class='ocrx_word' id='word_1_187' title='bbox 503 1797 710 1862; x_wconf 75' lang='grc' dir='ltr'><em>ἀτελεῖς</em></span> <span class='ocrx_word' id='word_1_188' title='bbox 729 1806 824 1869; x_wconf 86' lang='grc' dir='ltr'><em>τῆς</em></span> <span class='ocrx_word' id='word_1_189' title='bbox 844 1806 946 1855; x_wconf 84' lang='grc' dir='ltr'><em>τοῦ</em></span> <span class='ocrx_word' id='word_1_190' title='bbox 964 1798 1125 1865; x_wconf 80' lang='grc' dir='ltr'><em>ὄντος</em></span> <span class='ocrx_word' id='word_1_191' title='bbox 1147 1803 1283 1865; x_wconf 88' lang='grc' dir='ltr'><em>θέας</em></span> <span class='ocrx_word' id='word_1_192' title='bbox 1303 1798 1662 1871; x_wconf 88' lang='grc' dir='ltr'><em>ἀπέρχονται,</em></span> <span class='ocrx_word' id='word_1_193' title='bbox 1702 1799 1792 1855; x_wconf 88' lang='grc' dir='ltr'><em>καὶ</em></span> <span class='ocrx_word' id='word_1_194' title='bbox 1822 1795 1991 1853; x_wconf 83' lang='grc' dir='ltr'><em>ἀπελ-</em></span> 
     </span>
     <span class='ocr_line' id='line_1_23' title="bbox 306 1875 1990 1953; baseline 0 -18"><span class='ocrx_word' id='word_1_195' title='bbox 306 1887 515 1936; x_wconf 82' lang='grc' dir='ltr'><em>θοῦσαι</em></span> <span class='ocrx_word' id='word_1_196' title='bbox 561 1888 744 1953; x_wconf 81' lang='grc' dir='ltr'><em>τροφῇ</em></span> <span class='ocrx_word' id='word_1_197' title='bbox 783 1885 1020 1953; x_wconf 83' lang='grc' dir='ltr'><em>δοξαστῇ</em></span> <span class='ocrx_word' id='word_1_198' title='bbox 1055 1891 1307 1951; x_wconf 76' lang='grc' dir='ltr'><em>χρῶνται.</em></span> <span class='ocrx_word' id='word_1_199' title='bbox 1359 1875 1432 1936; x_wconf 78' lang='grc' dir='ltr'><em>οὗ</em></span> <span class='ocrx_word' id='word_1_200' title='bbox 1469 1879 1521 1936; x_wconf 89' lang='grc' dir='ltr'><em>δ’</em></span> <span class='ocrx_word' id='word_1_201' title='bbox 1563 1879 1707 1951; x_wconf 82' lang='grc' dir='ltr'><em>ἕνεχ’</em></span> <span class='ocrx_word' id='word_1_202' title='bbox 1744 1877 1778 1951; x_wconf 80' lang='grc' dir='ltr'>ἡ</span> <span class='ocrx_word' id='word_1_203' title='bbox 1816 1879 1990 1950; x_wconf 85' lang='grc' dir='ltr'><em>πολλὴ</em></span> 
     </span>
     <span class='ocr_line' id='line_1_24' title="bbox 306 1957 1989 2034; baseline -0.001 -16"><span class='ocrx_word' id='word_1_204' title='bbox 306 1963 522 2034; x_wconf 83' lang='grc' dir='ltr'><em>σπουδή</em></span> <span class='ocrx_word' id='word_1_205' title='bbox 536 2004 551 2032; x_wconf 95' lang='grc'><em>,</em></span> <span class='ocrx_word' id='word_1_206' title='bbox 571 1960 632 2017; x_wconf 83' lang='grc' dir='ltr'><em>τὸ</em></span> <span class='ocrx_word' id='word_1_207' title='bbox 657 1960 921 2033; x_wconf 75' lang='grc' dir='ltr'><em>ἀληθείας</em></span> <span class='ocrx_word' id='word_1_208' title='bbox 941 1967 1078 2018; x_wconf 81' lang='grc' dir='ltr'><em>ἰδεῖν</em></span> <span class='ocrx_word' id='word_1_209' title='bbox 1099 1968 1291 2018; x_wconf 80' lang='grc' dir='ltr'><em>πεδίον</em></span> <span class='ocrx_word' id='word_1_210' title='bbox 1307 1985 1375 2018; x_wconf 91' lang='grc' dir='ltr'><em>ου</em></span> <span class='ocrx_word' id='word_1_211' title='bbox 1357 1957 1544 2018; x_wconf 85' lang='grc' dir='ltr'><em>ἐστίν</em></span> <span class='ocrx_word' id='word_1_212' title='bbox 1557 2004 1572 2031; x_wconf 89' lang='grc'><em>,</em></span> <span class='ocrx_word' id='word_1_213' title='bbox 1592 1962 1630 2032; x_wconf 82' lang='grc' dir='ltr'><em>ἥ</em></span> <span class='ocrx_word' id='word_1_214' title='bbox 1647 1984 1705 2016; x_wconf 88' lang='grc' dir='ltr'><em>τε</em></span> <span class='ocrx_word' id='word_1_215' title='bbox 1726 1961 1793 2032; x_wconf 84' lang='grc' dir='ltr'><em>δὴ</em></span> <span class='ocrx_word' id='word_1_216' title='bbox 1815 1978 1989 2031; x_wconf 91' lang='grc' dir='ltr'><em>προσ-</em></span> 
     </span>
     <span class='ocr_line' id='line_1_25' title="bbox 303 2042 1991 2148; baseline -0.001 -48"><span class='ocrx_word' id='word_1_217' title='bbox 303 2046 518 2117; x_wconf 87' lang='grc' dir='ltr'><em>η’κουσα</em></span> <span class='ocrx_word' id='word_1_218' title='bbox 568 2051 748 2148; x_wconf 79' lang='grc' dir='ltr'><em>ψυχῆς</em></span> <span class='ocrx_word' id='word_1_219' title='bbox 788 2068 863 2101; x_wconf 89' lang='grc' dir='ltr'><em>τω</em></span> <span class='ocrx_word' id='word_1_220' title='bbox 912 2044 1116 2120; x_wconf 89' lang='grc' dir='ltr'><em>ἀρίστω</em></span> <span class='ocrx_word' id='word_1_221' title='bbox 1153 2042 1294 2115; x_wconf 88' lang='grc' dir='ltr'><em>νομὴ</em></span> <span class='ocrx_word' id='word_1_222' title='bbox 1334 2046 1394 2099; x_wconf 84' lang='grc' dir='ltr'><em>ἐκ</em></span> <span class='ocrx_word' id='word_1_223' title='bbox 1432 2051 1533 2099; x_wconf 85' lang='grc' dir='ltr'><em>τοῦ</em></span> <span class='ocrx_word' id='word_1_224' title='bbox 1570 2046 1686 2099; x_wconf 81' lang='grc' dir='ltr'><em>ἐκεῖ</em></span> <span class='ocrx_word' id='word_1_225' title='bbox 1727 2050 1991 2115; x_wconf 78' lang='grc' dir='ltr'><em>λειμῶνος</em></span> 
     </span>
     <span class='ocr_line' id='line_1_26' title="bbox 308 2119 1991 2201; baseline -0.002 -17"><span class='ocrx_word' id='word_1_226' title='bbox 308 2129 567 2201; x_wconf 77' lang='grc' dir='ltr'><em>τυγχάνει</em></span> <span class='ocrx_word' id='word_1_227' title='bbox 586 2123 754 2200; x_wconf 78' lang='grc' dir='ltr'><em>οὖσα,</em></span> <span class='ocrx_word' id='word_1_228' title='bbox 783 2127 821 2200; x_wconf 79' lang='grc' dir='ltr'><em>ἥ</em></span> <span class='ocrx_word' id='word_1_229' title='bbox 840 2149 898 2184; x_wconf 90' lang='grc' dir='ltr'><em>τε</em></span> <span class='ocrx_word' id='word_1_230' title='bbox 915 2134 1016 2183; x_wconf 87' lang='grc' dir='ltr'><em>τοῦ</em></span> <span class='ocrx_word' id='word_1_231' title='bbox 1035 2134 1244 2200; x_wconf 84' lang='grc' dir='ltr'><em>πτεροῦ</em></span> <span class='ocrx_word' id='word_1_232' title='bbox 1263 2127 1459 2198; x_wconf 84' lang='grc' dir='ltr'><em>φύσις,</em></span> <span class='ocrx_word' id='word_1_233' title='bbox 1498 2119 1544 2201; x_wconf 75' lang='grc' dir='ltr'><em>ᾦ</em></span> <span class='ocrx_word' id='word_1_234' title='bbox 1563 2123 1710 2197; x_wconf 82' lang='grc' dir='ltr'><em>ψυχὴ</em></span> <span class='ocrx_word' id='word_1_235' title='bbox 1732 2130 1991 2196; x_wconf 80' lang='grc' dir='ltr'><em>κουφίζε-</em></span> 
     </span>
     <span class='ocr_line' id='line_1_27' title="bbox 304 2204 1993 2281; baseline -0.002 -14"><span class='ocrx_word' id='word_1_236' title='bbox 304 2234 409 2281; x_wconf 86' lang='grc' dir='ltr'><em>ται,</em></span> <span class='ocrx_word' id='word_1_237' title='bbox 432 2211 609 2266; x_wconf 88' lang='grc' dir='ltr'><em>τούτω</em></span> <span class='ocrx_word' id='word_1_238' title='bbox 629 2214 911 2280; x_wconf 81' lang='grc' dir='ltr'><em>τρέφεται·</em></span> <span class='ocrx_word' id='word_1_239' title='bbox 950 2209 1160 2281; x_wconf 88' lang='grc' dir='ltr'><em>θεσμός</em></span> <span class='ocrx_word' id='word_1_240' title='bbox 1177 2231 1235 2265; x_wconf 89' lang='grc' dir='ltr'><em>τε</em></span> <span class='ocrx_word' id='word_1_241' title='bbox 1246 2206 1595 2278; x_wconf 80' lang='grc' dir='ltr'><em>Ἀδραστείας</em></span> <span class='ocrx_word' id='word_1_242' title='bbox 1618 2208 1741 2279; x_wconf 81' lang='grc' dir='ltr'><em>ὅδε,</em></span> <span class='ocrx_word' id='word_1_243' title='bbox 1776 2207 1894 2280; x_wconf 82' lang='grc' dir='ltr'><em>ἥτις</em></span> <span class='ocrx_word' id='word_1_244' title='bbox 1921 2204 1993 2262; x_wconf 82' lang='grc' dir='ltr'><em>ἀν</em></span> 
     </span>
     <span class='ocr_line' id='line_1_28' title="bbox 305 2289 1991 2368; baseline -0.002 -19"><span class='ocrx_word' id='word_1_245' title='bbox 305 2292 451 2365; x_wconf 80' lang='grc' dir='ltr'><em>ψυχὴ</em></span> <span class='ocrx_word' id='word_1_246' title='bbox 486 2300 603 2368; x_wconf 77' lang='grc' dir='ltr'><em>θεῷ</em></span> <span class='ocrx_word' id='word_1_247' title='bbox 637 2292 949 2359; x_wconf 84' lang='grc' dir='ltr'><em>ξυνοπαδὸς</em></span> <span class='ocrx_word' id='word_1_248' title='bbox 977 2294 1247 2364; x_wconf 77' lang='grc' dir='ltr'><em>γενομένη</em></span> <span class='ocrx_word' id='word_1_249' title='bbox 1277 2295 1470 2365; x_wconf 81' lang='grc' dir='ltr'><em>κατίδῃ</em></span> <span class='ocrx_word' id='word_1_250' title='bbox 1506 2314 1558 2347; x_wconf 91' lang='grc' dir='ltr'><em>τι</em></span> <span class='ocrx_word' id='word_1_251' title='bbox 1592 2298 1705 2347; x_wconf 72' lang='grc' dir='ltr'><em>τῶν</em></span> <span class='ocrx_word' id='word_1_252' title='bbox 1741 2289 1991 2362; x_wconf 73' lang='grc' dir='ltr'><em>ἀληθῶν,</em></span> 
     </span>
     <span class='ocr_line' id='line_1_29' title="bbox 305 2370 1989 2448; baseline -0.003 -16"><span class='ocrx_word' id='word_1_253' title='bbox 305 2381 461 2448; x_wconf 90' lang='grc' dir='ltr'><em>μέχρι</em></span> <span class='ocrx_word' id='word_1_254' title='bbox 499 2398 557 2431; x_wconf 89' lang='grc' dir='ltr'><em>τε</em></span> <span class='ocrx_word' id='word_1_255' title='bbox 591 2381 686 2447; x_wconf 85' lang='grc' dir='ltr'><em>τῆς</em></span> <span class='ocrx_word' id='word_1_256' title='bbox 726 2378 910 2448; x_wconf 82' lang='grc' dir='ltr'><em>ἑτέρας</em></span> <span class='ocrx_word' id='word_1_257' title='bbox 947 2376 1214 2446; x_wconf 86' lang='grc' dir='ltr'><em>περιόδου</em></span> <span class='ocrx_word' id='word_1_258' title='bbox 1250 2375 1391 2431; x_wconf 81' lang='grc' dir='ltr'><em>εἶναι</em></span> <span class='ocrx_word' id='word_1_259' title='bbox 1430 2374 1719 2447; x_wconf 86' lang='grc' dir='ltr'><em>ἀπήμονα,</em></span> <span class='ocrx_word' id='word_1_260' title='bbox 1764 2370 1871 2430; x_wconf 78' lang='grc' dir='ltr'><em>κάν</em></span> <span class='ocrx_word' id='word_1_261' title='bbox 1906 2371 1989 2427; x_wconf 83' lang='grc' dir='ltr'><em>ἀεὶ</em></span> 
     </span>
     <span class='ocr_line' id='line_1_30' title="bbox 305 2456 1991 2532; baseline -0.003 -17"><span class='ocrx_word' id='word_1_262' title='bbox 305 2465 470 2519; x_wconf 79' lang='grc' dir='ltr'><em>τοῦτο</em></span> <span class='ocrx_word' id='word_1_263' title='bbox 495 2457 729 2529; x_wconf 83' lang='grc' dir='ltr'><em>δυ’νηται</em></span> <span class='ocrx_word' id='word_1_264' title='bbox 748 2471 953 2529; x_wconf 78' lang='grc' dir='ltr'><em>ποιεῖν,</em></span> <span class='ocrx_word' id='word_1_265' title='bbox 993 2457 1077 2516; x_wconf 89' lang='grc' dir='ltr'><em>ἀεὶ</em></span> <span class='ocrx_word' id='word_1_266' title='bbox 1096 2459 1314 2532; x_wconf 86' lang='grc' dir='ltr'><em>ἀβλαβῆ</em></span> <span class='ocrx_word' id='word_1_267' title='bbox 1341 2457 1506 2514; x_wconf 83' lang='grc' dir='ltr'><em>εἶναι·</em></span> <span class='ocrx_word' id='word_1_268' title='bbox 1545 2456 1682 2514; x_wconf 79' lang='grc' dir='ltr'><em>ὅταν</em></span> <span class='ocrx_word' id='word_1_269' title='bbox 1703 2457 1762 2514; x_wconf 75' lang='grc' dir='ltr'><em>δὲ</em></span> <span class='ocrx_word' id='word_1_270' title='bbox 1781 2456 1991 2512; x_wconf 88' lang='grc' dir='ltr'><em>ἀδυνα-</em></span> 
     </span>
     <span class='ocr_line' id='line_1_31' title="bbox 307 2540 1991 2615; baseline -0.002 -19"><span class='ocrx_word' id='word_1_271' title='bbox 307 2542 519 2613; x_wconf 84' lang='grc' dir='ltr'><em>τήσασα</em></span> <span class='ocrx_word' id='word_1_272' title='bbox 547 2542 874 2596; x_wconf 80' lang='grc' dir='ltr'><em>ἐπισπέσθαι</em></span> <span class='ocrx_word' id='word_1_273' title='bbox 903 2542 977 2613; x_wconf 82' lang='grc' dir='ltr'><em>μὴ</em></span> <span class='ocrx_word' id='word_1_274' title='bbox 1009 2545 1125 2615; x_wconf 79' lang='grc' dir='ltr'><em>ἴδῃ,</em></span> <span class='ocrx_word' id='word_1_275' title='bbox 1162 2546 1259 2596; x_wconf 90' lang='grc' dir='ltr'><em>καί</em></span> <span class='ocrx_word' id='word_1_276' title='bbox 1271 2563 1378 2596; x_wconf 91' lang='grc' dir='ltr'><em>τινι</em></span> <span class='ocrx_word' id='word_1_277' title='bbox 1397 2545 1662 2614; x_wconf 77' lang='grc' dir='ltr'><em>συντυχίᾳ</em></span> <span class='ocrx_word' id='word_1_278' title='bbox 1679 2540 1991 2611; x_wconf 88' lang='grc' dir='ltr'><em>χρησαμένη</em></span> 
     </span>
     <span class='ocr_line' id='line_1_32' title="bbox 309 2622 1992 2696; baseline -0.002 -17"><span class='ocrx_word' id='word_1_279' title='bbox 309 2624 487 2694; x_wconf 82' lang='grc' dir='ltr'><em>λήθης</em></span> <span class='ocrx_word' id='word_1_280' title='bbox 507 2643 563 2677; x_wconf 89' lang='grc' dir='ltr'><em>τε</em></span> <span class='ocrx_word' id='word_1_281' title='bbox 595 2623 685 2677; x_wconf 85' lang='grc' dir='ltr'><em>καὶ</em></span> <span class='ocrx_word' id='word_1_282' title='bbox 703 2629 896 2688; x_wconf 83' lang='grc' dir='ltr'><em>κακίας</em></span> <span class='ocrx_word' id='word_1_283' title='bbox 916 2632 1224 2696; x_wconf 88' lang='grc' dir='ltr'><em>πλησθεῖσα</em></span> <span class='ocrx_word' id='word_1_284' title='bbox 1242 2629 1505 2696; x_wconf 81' lang='grc' dir='ltr'><em>βαρυνθῇ</em></span> <span class='ocrx_word' id='word_1_285' title='bbox 1518 2665 1532 2692; x_wconf 91' lang='grc'><em>,</em></span> <span class='ocrx_word' id='word_1_286' title='bbox 1565 2628 1910 2694; x_wconf 81' lang='grc' dir='ltr'><em>βαρυνθεῖσα</em></span> <span class='ocrx_word' id='word_1_287' title='bbox 1934 2622 1992 2676; x_wconf 78' lang='grc' dir='ltr'><em>δὲ</em></span> 
     </span>
     <span class='ocr_line' id='line_1_33' title="bbox 310 2703 1992 2778; baseline -0.002 -18"><span class='ocrx_word' id='word_1_288' title='bbox 310 2704 697 2777; x_wconf 81' lang='grc' dir='ltr'><em>πτερορρυήσῃ</em></span> <span class='ocrx_word' id='word_1_289' title='bbox 725 2726 783 2760; x_wconf 89' lang='grc' dir='ltr'><em>τε</em></span> <span class='ocrx_word' id='word_1_290' title='bbox 802 2707 893 2760; x_wconf 87' lang='grc' dir='ltr'><em>καὶ</em></span> <span class='ocrx_word' id='word_1_291' title='bbox 912 2708 998 2762; x_wconf 83' lang='grc' dir='ltr'><em>ἐπὶ</em></span> <span class='ocrx_word' id='word_1_292' title='bbox 1018 2709 1121 2778; x_wconf 82' lang='grc' dir='ltr'><em>τὴν</em></span> <span class='ocrx_word' id='word_1_293' title='bbox 1139 2713 1248 2776; x_wconf 86' lang='grc' dir='ltr'><em>γῆν</em></span> <span class='ocrx_word' id='word_1_294' title='bbox 1267 2707 1433 2777; x_wconf 79' lang='grc' dir='ltr'><em>πέσῃ,</em></span> <span class='ocrx_word' id='word_1_295' title='bbox 1456 2705 1580 2760; x_wconf 89' lang='grc' dir='ltr'><em>τότε</em></span> <span class='ocrx_word' id='word_1_296' title='bbox 1598 2703 1768 2773; x_wconf 90' lang='grc' dir='ltr'><em>νόμος</em></span> <span class='ocrx_word' id='word_1_297' title='bbox 1785 2703 1992 2774; x_wconf 85' lang='grc' dir='ltr'><em>ταύτην</em></span> 
     </span>
    </p>
   </div>
   <div class='ocr_carea' id='block_1_10' title="bbox 248 2785 1992 2860">
    <p class='ocr_par' dir='ltr' id='par_1_11' title="bbox 248 2785 1992 2860">
     <span class='ocr_line' id='line_1_34' title="bbox 248 2785 1992 2860; baseline -0.002 -15"><span class='ocrx_word' id='word_1_298' title='bbox 248 2807 282 2845; x_wconf 81' lang='grc'><em>1)</em></span> <span class='ocrx_word' id='word_1_299' title='bbox 311 2785 382 2859; x_wconf 83' lang='grc' dir='ltr'><em>μὴ</em></span> <span class='ocrx_word' id='word_1_300' title='bbox 409 2795 680 2856; x_wconf 82' lang='grc' dir='ltr'><em>φυτεῦσαι</em></span> <span class='ocrx_word' id='word_1_301' title='bbox 720 2791 796 2851; x_wconf 79' lang='grc' dir='ltr'><em>εἰς</em></span> <span class='ocrx_word' id='word_1_302' title='bbox 832 2790 1103 2858; x_wconf 87' lang='grc' dir='ltr'><em>μηδεμίαν</em></span> <span class='ocrx_word' id='word_1_303' title='bbox 1135 2793 1372 2860; x_wconf 87' lang='grc' dir='ltr'><em>θηρείαν</em></span> <span class='ocrx_word' id='word_1_304' title='bbox 1408 2787 1583 2858; x_wconf 83' lang='grc' dir='ltr'><em>φύσιν</em></span> <span class='ocrx_word' id='word_1_305' title='bbox 1617 2787 1679 2840; x_wconf 81' lang='grc' dir='ltr'><em>ἐν</em></span> <span class='ocrx_word' id='word_1_306' title='bbox 1706 2790 1773 2858; x_wconf 86' lang='grc' dir='ltr'><em>τῇ</em></span> <span class='ocrx_word' id='word_1_307' title='bbox 1802 2785 1992 2858; x_wconf 76' lang='grc' dir='ltr'><em>πρώτῃ</em></span> 
     </span>
    </p>
   </div>
  </div>
 </body>
</html>
