2028 3198
0 2486 10 2504 Ἶ
0 2241 16 2433 Ὶ””ᾩ)ὟἿὟ

4 103 18 123 ”
56 131 67 134 ’
102 148 188 194 113
751 143 1133 221 ΦΑΙΔΡΟΣ.
1676 146 1780 198 251

99 296 204 346 μεν
230 281 462 346 μετρίως
486 296 545 331 τε
574 276 664 331 καὶ
699 273 963 347 εὐφήμως
989 274 1089 332 τὸν
1108 277 1244 348 ἐμόν
1261 299 1318 334 τε
1338 281 1431 335 καὶ
1452 277 1557 335 σόν
1575 281 1782 336 δεσπό-

98 378 200 428 την
220 355 460 427 Ἒρωτα,
482 349 526 413 ὦ
545 359 769 426 Φαῖδρε,
791 363 982 412 καλῶν
997 362 1214 414 παίδων
1232 363 1455 430 ἔφορον.

241 444 393 494 ΦΑΙ.
445 439 555 494 Καὶ
573 437 718 508 μάλα
739 442 920 510 ἔμοιγε
941 437 1044 495 οὐκ
1063 438 1246 511 ἀηδῶς
1263 440 1513 498 ἀκοῦσαι.

237 524 414 575 XLIX.
481 525 605 575 ΣΩ.
684 521 824 576 Τόδε
862 527 1056 578 τοίνυν
1093 521 1340 580 αὐτόθεν
1374 525 1661 597 λάβωμεν,
1708 522 1782 591 ὦς

94 599 204 658 ἀπὸ
224 608 326 657 τοῦ
345 603 534 672 ψέγειν
553 600 690 671 πρὸς
707 602 768 658 τὸ
790 605 1035 660 ἐπαινεῖν
1051 609 1208 676 ἔσχεν
1226 602 1255 661 ὁ
1274 606 1439 677 λόγος
1458 611 1777 678 μεταβῆναι.

241 689 390 740 ΦΑΙ.
453 690 583 749 Πῶς
603 683 668 755 δὴ
690 679 796 739 οὖν
816 683 951 740 αὐτὸ
972 687 1174 756 λέγεις,

242 771 368 822 ΣΩ.
419 765 563 837 Ἐμοὶ
591 765 692 837 μὲν
719 772 973 836 φαίνεται
989 767 1053 823 τὰ
1074 771 1175 839 μὲν
1194 767 1332 824 ἄλλα
1349 776 1424 842 τῷ
1446 767 1567 824 ὄντι
1585 774 1775 844 παιδιᾷ

98 857 403 905 πεπαῖσθαι
417 871 428 880 ·
465 848 680 904 τούτων
711 850 774 904 δέ
797 870 967 904 τινων
994 852 1055 905 ἐκ
1091 850 1256 921 τύχης
1291 852 1580 921 ῥηθέντων
1617 854 1777 907 δυοῖν

93 933 291 999 είδοῖν,
329 935 379 985 εἰ
405 928 597 985 αὐτοῖν
626 927 729 1000 τὴν
759 930 1002 1001 δύναμιν
1029 933 1191 1003 τέχνῃ
1220 936 1410 1003 λαβεῖν
1429 931 1658 988 δύναιτό
1677 954 1775 1003 τις,
1812 945 1846 985 D

93 1009 197 1067 οὐκ
218 1010 395 1081 ἄχαρι.

235 1099 386 1150 ΦΑΙ.
452 1098 635 1148 Τίνων
654 1090 721 1162 δή
735 1116 750 1159 ;

234 1180 358 1230 ΣΩ.
409 1179 507 1239 Εἰς
525 1178 657 1245 μίαν
673 1194 731 1228 τε
755 1177 906 1229 ἰδέαν
926 1183 1251 1246 συνορῶντα
1271 1175 1427 1246 ἄγειν
1441 1178 1507 1232 τὰ
1527 1183 1776 1249 πολλαχῇ

92 1259 482 1328 διεσπαρμένα,
499 1254 574 1310 ἵν’
595 1256 828 1311 ἕκαστον
847 1254 1165 1328 ὁριζόμενος
1189 1262 1362 1329 δῆλον
1381 1263 1531 1331 ποιῇ,
1553 1260 1679 1327 περὶ
1702 1251 1774 1313 οὗ

93 1336 166 1394 ἄν
197 1337 281 1395 ἀεὶ
309 1339 594 1395 διδάσκειν
613 1340 792 1410 ἐθέλῃ.
835 1337 1020 1408 ὥσπερ
1049 1338 1115 1395 τὰ
1137 1345 1247 1396 νῦν
1275 1338 1345 1411 δὴ
1374 1342 1495 1411 περὶ
1510 1339 1771 1411 Ἔρωτος,

94 1418 126 1478 ὃ
146 1425 320 1490 ἔστιν,
359 1418 619 1491 ὁρισθέν,
659 1419 760 1476 εἶτ’
782 1414 847 1475 εὖ
868 1428 974 1477 εἴτε
992 1429 1174 1487 κακῶς
1193 1423 1405 1492 ἐλέχθη.
1427 1420 1489 1476 τὸ
1509 1428 1653 1492 γοῦν
1670 1438 1774 1477 σα-

94 1505 195 1572 φὲς
229 1506 320 1559 καὶ
355 1501 416 1558 τὸ
456 1500 591 1557 αὐτὸ
633 1501 782 1576 αὐτῷ
824 1499 1274 1574 ὁμολογούμενον
1308 1502 1398 1558 διὰ
1427 1500 1582 1558 ταῦτ’
1615 1507 1772 1574 ἔσχεν

91 1591 264 1643 εἰπεῖν
281 1583 311 1640 ὁ
334 1584 511 1654 λόγος.

233 1673 385 1723 ΦΑΙ.
448 1673 496 1722 Τ
492 1666 521 1721 ὸ
543 1665 593 1721 δ’
626 1669 816 1735 ἕτερον
835 1666 901 1738 δὴ
924 1666 1065 1734 εἶδος
1084 1675 1140 1724 τί
1155 1673 1352 1740 λέγεις,
1384 1662 1429 1724 ὦ
1449 1668 1770 1737 Σωκρατεςς

232 1754 357 1805 ΣΩ.
431 1749 505 1806 Τὸ
542 1750 711 1805 πάλιν
744 1749 867 1806 κατ’
899 1754 1015 1822 εἴδη
1048 1751 1328 1807 δύνασθαι
1356 1753 1601 1821 τέμνειν,
1642 1748 1767 1807 κατ’
1802 1764 1835 1804 E

90 1833 307 1903 ἄρθρα,
344 1825 379 1904 ᾖ
418 1833 657 1903 πέφυκε,
697 1834 786 1888 καὶ
814 1832 888 1903 μὴ
919 1835 1208 1904 ἐπιχειρεῖν
1237 1834 1577 1904 καταγνύναι
1604 1836 1770 1905 μέρος

85 1917 284 1987 μηδέν,
333 1920 512 1970 κακοῦ
548 1919 813 1985 μαγείρου
849 1916 1035 1990 τρόπω
1072 1917 1384 1988 χρώμενον·
1423 1914 1543 1972 ἀλλ’
1586 1915 1769 1987 ὥσπερ

88 1995 212 2066 ἄρτι
230 1995 306 2052 τω
327 1995 473 2067 λόγω
493 1996 554 2052 τὸ
575 1997 677 2068 μὲν
697 1996 884 2068 ἄφρον
902 2004 999 2070 τῆς
1028 2003 1273 2065 διανοίας
1290 2001 1351 2054 ἕν
1370 2022 1422 2054 τι
1443 2004 1604 2071 κοινῇ
1626 1997 1770 2063 εἶδος

88 2081 378 2150 ἐλαβέτην,
416 2077 602 2149 ὥσπερ
632 2082 690 2137 δὲ
720 2081 972 2152 σώματος
990 2083 1044 2147 ἐξ
1063 2080 1185 2147 ἑνὸς
1204 2086 1372 2137 διπλοῖ
1390 2084 1479 2136 καὶ
1500 2080 1771 2152 ὁμώνυμα
1798 2098 1886 2145 266
1950 2119 1953 2121 -
2015 2102 2028 2143 L

87 2163 316 2230 πέφυκε,
337 2162 519 2231 σκαιοί,
539 2161 605 2218 τὰ
629 2163 687 2219 δὲ
707 2162 853 2229 δεξιὰ
874 2165 1169 2234 κληθέντα,
1194 2161 1340 2219 οὕτω
1360 2165 1450 2219 καὶ
1469 2162 1529 2218 τὸ
1549 2169 1643 2235 τῆς
1660 2183 1769 2219 πα-

90 2251 316 2311 ρανοίας
333 2241 407 2308 ὥς
423 2246 485 2299 ἓν
502 2247 565 2300 ἐν
581 2244 711 2317 ἡμῖν
729 2245 979 2317 πεφυκὸς
994 2245 1137 2310 εἶδος
1154 2243 1483 2318 ἡγησαμένω
1502 2244 1578 2301 τώ
1598 2244 1765 2316 λόγω,

86 2323 113 2379 ὁ
154 2324 257 2396 μὲν
292 2323 352 2381 τό
383 2323 471 2382 ἐπ’
511 2326 767 2396 ἀριστερὰ
805 2328 1137 2399 τεμνόμενος
1172 2331 1361 2398 μέρος,
1401 2326 1567 2384 πάλιν
1601 2333 1765 2384 τοῦτο

85 2409 302 2477 τέμνων
330 2406 433 2464 οὐκ
461 2412 725 2481 ἐπανῆκε,
764 2412 895 2480 πρὶν
917 2413 976 2466 ἐν
1006 2408 1192 2475 αὐτοῖς
1220 2408 1478 2481 ε’φευρών
1498 2407 1767 2482 ὀνομαζό-

84 2512 256 2562 μενον
275 2491 476 2547 σκαιόν
494 2514 616 2548 τινα
636 2497 810 2563 ἔρωτα
829 2492 1145 2564 ἐλοιδόρησε
1165 2489 1295 2564 μάλ’
1319 2494 1380 2547 ἐν
1399 2494 1541 2565 δίκῃ,
1563 2489 1592 2547 ὁ
1616 2490 1665 2547 δ’
1692 2496 1768 2556 εἰς

88 2574 155 2629 τὰ
177 2577 236 2629 ἐν
255 2578 403 2647 δεξιᾷ
423 2581 518 2645 τῆς
535 2579 732 2645 μανίας
750 2574 978 2646 ἀγαγών
995 2572 1161 2646 ἡμᾶς,
1182 2573 1486 2646 ὁμώνυμον
1505 2574 1606 2645 μὲν
1625 2576 1765 2630 ἐκεί-

85 2678 166 2730 νω
181 2699 195 2725 ,
231 2665 391 2713 θετον
429 2656 477 2713 δ’
513 2651 586 2712 αὖ
609 2655 714 2713 τιν’
747 2662 921 2726 ἔρωτα
953 2657 1206 2729 έφευρών
1225 2660 1315 2714 καὶ
1336 2656 1763 2728 προτεινάμενος
1793 2675 1823 2716 Β

83 2738 354 2810 ἐπῄνεσεν
376 2736 446 2803 ὡς
465 2749 738 2809 μεγίστων
756 2747 934 2796 αἴτιον
953 2738 1082 2812 ἡμῖν
1102 2738 1351 2811 ἀγαθῶν.

227 2827 376 2877 ΦΑΙ.
428 2819 792 2891 Ἀληθέστατα
813 2823 1002 2893 λέγεις.
