2028 3198
147 360 225 405 137

256 127 362 180 364
829 132 878 176 Α
892 131 944 177 Ν
961 130 1224 176 ΤΕΡΑΣ
1238 130 1333 176 ΤΛ
1346 130 1389 178 I.
1887 138 1945 183 94

258 268 432 334 ζητῶν
451 262 586 318 ἄλλο
606 258 642 333 ἢ
664 260 1192 332 ἀνομολογήσασθαι
1221 259 1287 316 τά
1319 265 1591 333 εἰρημένα.
1623 266 1730 333 ἔχει
1751 266 1812 318 δέ
1830 283 1943 328 πως

259 343 371 401 ώδί.
397 343 828 415 ὡμολογήσαμεν
849 342 1024 399 καλὸν
1044 341 1183 399 εἶναι
1197 342 1298 414 τὴν
1320 350 1659 415 φιλοσοφίαν
1677 347 1768 401 καὶ
1787 344 1942 401 αὐτοὶ

258 427 558 497 φιλόσοφοι
594 426 759 496 εἶναι,
795 425 926 490 τούς
956 425 1015 481 δὲ
1047 426 1393 497 φιλοσόφους
1417 426 1696 499 ἀγαθούς,
1737 427 1866 492 τούς
1887 427 1945 484 δὲ

257 507 508 578 ἀγαθούς
526 515 852 580 χρησίμους,
892 507 1022 573 τοὺς
1045 509 1104 566 δὲ
1123 512 1404 580 πονηροὺς
1424 508 1754 582 ἀχρήστους·
1778 505 1946 575 αὖθις

257 590 304 646 δ’
324 586 396 646 αὖ
416 589 545 656 τοὺς
563 591 912 662 φιλοσόφους
929 588 1377 663 ὡμολογήσαμεν,
1398 594 1500 657 ἕως
1518 589 1590 648 ἀν
1606 597 1663 648 οἱ
1678 597 1943 663 δημιουρ-

256 675 344 744 γοὶ
368 667 533 743 οἷσιν,
575 672 883 744 ἀχρήστους
904 671 1071 744 εἶναι,
1105 673 1479 746 δημιουργοὺς
1500 677 1558 730 δὲ
1580 672 1662 729 ἀεὶ
1682 673 1835 729 εἶναι.
1876 673 1944 730 οὐ

256 757 364 828 γάρ
384 763 555 811 ταῦτα
576 752 949 827 ὡμολόγηται;
974 756 1139 813 Πάνυ
1158 779 1250 827 γε,
1270 751 1304 827 ἦ
1325 756 1379 812 δ’
1401 756 1476 822 ὅς.
1530 756 1945 828 Ὡμολογοῦμεν

258 838 383 909 ἄρα,
407 836 479 903 ὡς
498 843 656 910 ἔοικε,
674 841 813 894 κατά
832 861 895 910 γε
914 837 1014 895 τὸν
1034 839 1137 896 σὸν
1157 841 1345 910 λόγον,
1369 848 1520 909 εἴπερ
1538 839 1597 895 τὸ
1614 847 1946 939 φιλοσοφεῖν

257 923 368 977 ἐστὶ
395 923 516 990 περὶ
546 920 642 985 τὰς
670 924 862 991 τέχνας
895 923 1262 994 ἐπιστήμονας
1297 922 1435 979 εἶναι
1466 920 1532 979 ὃν
1562 922 1632 977 συ
1658 925 1829 992 λέγεις
1847 921 1945 978 τὸν

256 1004 493 1073 τρόπον,
518 1003 800 1108 πονηροὺς
820 1004 1025 1071 αὐτους
1044 1005 1183 1061 εἶναι
1202 1008 1291 1062 καὶ
1316 1004 1647 1106 ἀχρήστους,
1671 1007 1773 1069 ἕως
1793 1001 1865 1059 ἀν
1887 1007 1941 1060 ἐν

261 1084 584 1157 ἀνθρώποις
600 1091 782 1159 τέχναι
796 1082 947 1143 ωσιν.
969 1087 1107 1145 ἀλλα
1126 1087 1198 1160 μὴ
1218 1087 1316 1159 οὐχ
1333 1086 1524 1158 οὕτως,
1544 1090 1587 1142 ὦ
1606 1094 1749 1158 φίλε,
1768 1091 1944 1158 ἔχωσι,

258 1166 387 1239 μηδ’
420 1172 455 1240 ᾖ
477 1177 639 1224 τοῦτο
663 1178 1019 1243 φιλοσοφειν,
1059 1174 1184 1242 περὶ
1204 1170 1299 1235 τὰς
1317 1174 1506 1240 τέχνας
1524 1173 1944 1240 ἐσπουδακέναι,

257 1248 387 1305 οὐδὲ
419 1257 999 1322 πολυπραγμονοῦντα
1028 1253 1373 1319 κυπτάζοντα
1405 1257 1500 1325 ζῇν
1533 1251 1663 1308 ουὸε
1693 1259 1946 1324 πολυμα-

257 1339 504 1401 θοῦντα,
548 1331 675 1389 ἀλλ’
707 1334 841 1390 ἄλλο
874 1358 951 1406 τι,
995 1337 1109 1397 ἐπεὶ
1139 1333 1242 1404 ἐγώ
1279 1334 1437 1408 ςὸμην
1465 1336 1554 1390 καὶ
1576 1333 1788 1399 ὄνειδος
1808 1334 1943 1390 εἶναι

258 1421 424 1470 τοῦτο
472 1416 564 1470 καὶ
599 1417 920 1487 βαναύσους
966 1426 1260 1474 καλεῖσθαι
1296 1416 1428 1482 τούς
1465 1419 1587 1486 περὶ
1624 1417 1719 1483 τὰς
1755 1419 1944 1488 τέχνας

259 1497 685 1563 ἐσπουδακότας.

401 1587 508 1638 V11.
579 1575 707 1637 ᾨδε
737 1584 795 1640 δε
826 1557 1169 1655 σαφέστερον
1212 1584 1503 1655 εἰσόμεθα,
1543 1588 1593 1639 εἰ
1628 1581 1721 1653 ἀρ’
1762 1580 1947 1654 ἀληθῆ

257 1666 417 1734 λέγω,
442 1665 541 1720 ἐὰν
557 1672 720 1720 τοῦτο
740 1662 1037 1739 ἀποκρίνῃ·
1059 1672 1205 1731 τίνες
1225 1669 1427 1731 ἵππους
1444 1670 1757 1722 ἐπίστανται
1774 1665 1946 1722 κολά-

200 1756 233 1798 C
262 1752 373 1813 ζειν
397 1745 610 1816 ὀρθώς;
649 1749 888 1820 πότερον
915 1753 1072 1820 οἵπερ
1093 1755 1410 1821 βελτίστους
1430 1756 1689 1805 ποιοῦσιν
1708 1745 1743 1819 ἢ
1762 1749 1945 1814 ἄλλοις

191 2419 224 2459 D

261 1832 433 1899 Οἴπερ
466 1836 797 1901 βελτίστους.
877 1836 947 1886 Τι’
973 1835 1035 1886 δέ
1048 1856 1061 1897 ;
1101 1833 1276 1897 κύνας
1297 1831 1399 1902 οὐχ
1419 1837 1475 1887 οἳ
1490 1837 1807 1903 βελτίστους
1826 1833 1944 1886 ἐπί-

258 1927 484 1967 στανται
525 1923 732 1981 ποιεῖν,
780 1905 934 1966 οὗτοι
970 1915 1060 1968 καὶ
1095 1915 1346 1980 κολάζειν
1381 1913 1567 1983 ὀρθῶς
1599 1916 1943 1980 ἐπίστανταις

257 2000 385 2050 Ναί.
434 1991 503 2048 ‘H
530 1991 670 2064 αὐτὴ
701 1992 808 2063 ἄρα
833 1996 992 2065 τέχνη
1025 2001 1340 2093 βελτίστους
1369 2017 1425 2050 τε
1455 2007 1605 2051 ποιεῖ
1616 1997 1706 2051 καὶ
1727 1995 1943 2061 κολάζει

260 2074 476 2145 ὀρθώςς
497 2081 763 2131 Φαίνεταί
773 2098 883 2146 μοι,
904 2079 939 2146 ἠ
956 2074 998 2132 6³
1019 2075 1096 2142 ός.
1160 2083 1227 2133 Τί
1243 2079 1329 2143 ὃέ;
1364 2077 1602 2147 πότερον
1613 2075 1751 2148 ἥπερ
1765 2083 1944 2148 βελτί-

258 2175 423 2223 στους
439 2180 495 2214 τε
512 2170 660 2214 ποιει
670 2161 760 2215 καὶ
775 2159 991 2226 κολάζει
1009 2157 1223 2231 ὀρθως,
1244 2158 1276 2231 ἡ
1296 2157 1433 2230 αὐτὴ
1451 2160 1509 2215 δὲ
1532 2161 1623 2215 καὶ
1650 2159 1944 2230 γιγνώσκει

255 2239 387 2306 τούς
404 2239 675 2312 χρηστοὺς
695 2243 783 2296 και
803 2242 933 2306 τούς
952 2242 1299 2347 μοχθηρούς,
1339 2265 1371 2312 η
1394 2243 1547 2313 ἑτέρα
1566 2264 1670 2306 τις·
1657 2283 1671 2308 ,
1701 2240 1772 2296 Ἡ
1783 2239 1940 2312 αὐτή,

255 2328 377 2395 ἔφη.
435 2321 747 2393 Ἐθελήσεις
778 2318 884 2378 οὖν
916 2327 1006 2379 καὶ
1038 2324 1160 2381 κατ’
1195 2323 1534 2394 ἀνθρώπους
1553 2322 1717 2380 τοῦθ’
1740 2322 1941 2394 ὁμολο-

257 2417 394 2478 γεῖν,
415 2405 556 2476 ἥπερ
576 2411 892 2477 βελτίστους
912 2405 1253 2476 ἀνθρώπους
1274 2419 1442 2476 ποιεῖ,
1463 2407 1674 2477 ταύτην
1693 2404 1831 2461 εἶναι
1852 2409 1943 2461 καὶ

254 2487 359 2560 τὴν
388 2488 733 2555 κολάζουσαν
763 2488 950 2560 ὀρθῶς
978 2491 1068 2545 καὶ
1097 2490 1612 2561 διαγιγνώσκουσαν
1650 2486 1781 2553 τοὺς
1808 2510 1943 2560 χρη-

258 2572 422 2636 στούς
437 2593 495 2627 τε
517 2574 607 2627 καὶ
626 2569 753 2637 τοὺς
774 2573 1122 2643 μοχθηρούς;
1143 2574 1310 2627 Πάνυ
1328 2595 1406 2643 γε,
1429 2578 1549 2643 ἔφη.
1603 2570 1832 2627 Οὐκοῦν
1850 2572 1941 2626 καὶ

254 2651 372 2723 ἥτις
392 2654 516 2724 ἕνα,
555 2654 646 2709 καὶ
667 2653 932 2719 πολλούς,
973 2655 1063 2708 καὶ
1089 2654 1206 2724 ἥτις
1227 2653 1467 2718 πολλούς
1482 2696 1495 2722 ,
1537 2656 1626 2709 καὶ
1648 2654 1771 2717 ἕνα;
1808 2657 1937 2708 Ναί.

255 2737 366 2790 Καὶ
385 2734 518 2791 καθ’
541 2739 727 2790 ἳππων
745 2733 810 2806 δὴ
830 2737 920 2791 καὶ
938 2743 1049 2791 τῶν
1069 2734 1254 2791 ἄλλων
1270 2734 1535 2791 ἁπάντων
1550 2735 1751 2801 οὕτως;
1773 2740 1935 2804 Φημί.

262 2822 355 2881 Τίς
374 2811 477 2872 οὖν
497 2819 643 2874 ἐστὶν
664 2816 697 2889 ἡ
721 2819 983 2889 ἐπιστήμη
999 2862 1013 2888 ,
1051 2818 1170 2889 ἥτις
1199 2817 1327 2883 τοὺς
1349 2820 1409 2873 ἐν
1427 2828 1542 2882 ταῖς
1561 2815 1786 2872 πόλεσιν
1804 2814 1936 2870 ἀκο-
