2028 3198
4 2126 56 2503 ἱ,

89 0 309 27 ·ι.(’“-·
370 6 376 9 ”
455 9 461 20 ⁸

197 31 201 38 .

155 175 216 220 49
732 166 1263 215 ΣΥΜΠΟΣΙΟΝ.
1739 162 1839 215 187

159 325 252 357 ναι
290 298 469 356 πάντα
503 297 682 369 ἄνδρα
717 296 817 353 τὸν
842 296 1052 368 Ἔρωτα
1080 304 1273 371 τιμᾷν,
1312 299 1403 354 καὶ
1432 296 1599 364 αὐτὸς
1614 304 1752 369 τιμῶ
1770 295 1835 353 τὰ

157 380 393 454 ἐρωτικὰ
410 381 501 437 καὶ
520 378 895 451 διαφερόντως
912 378 1066 436 ἀσκῶ
1079 422 1095 449 ,
1132 383 1223 436 καὶ
1250 393 1363 446 τοῖς
1391 379 1578 445 ἄλλοις
1595 401 1840 450 παρακε-

158 468 416 533 λεύομαι,
453 465 544 518 καὶ
571 467 682 517 νῦν
708 484 766 518 τε
796 464 887 518 καὶ
917 460 1002 518 ἀεὶ
1029 462 1344 532 ἐγκωμιάζω
1373 461 1476 534 τὴν
1494 461 1737 533 δύναμιν
1747 463 1839 518 καὶ

157 545 422 614 ἀνδρείαν
437 551 539 601 τοῦ
555 543 793 615 Ἔρωτος
811 542 947 600 καθ’
976 542 1115 600 ὅσον
1137 541 1251 609 οἶός
1269 541 1319 599 τ’
1355 550 1478 615 εἰμί.
1512 551 1713 601 τοῦτον
1732 538 1840 600 οὖν
1871 552 1902 594 C
1981 568 1988 578 ¹

155 627 256 684 τὸν
290 628 477 699 λόγον,
521 621 566 683 ῶ
604 632 838 696 Φαῖδρε,
876 632 924 684 εί
957 627 1059 698 μὲν
1094 627 1311 698 βούλει,
1348 625 1420 691 ὡς
1456 626 1726 698 ἐγκώμιον
1763 632 1840 691 εἰς

143 710 357 781 Ἔρωτα
373 710 608 780 νόμισον
627 715 911 781 εἰρῆσθαι,
946 714 996 765 εἰ
1011 712 1094 778 δέ,
1125 707 1159 763 ὅ
1176 730 1227 763 τι
1244 710 1334 763 καὶ
1354 707 1464 781 ὅπῃ
1483 714 1686 779 χαίρεις
1708 707 1839 766 ὀνο-

156 795 341 866 μάζων
355 835 368 861 ,
390 799 554 848 τοῦτο
574 791 821 863 ὀνόμαζε.

296 882 455 932 ΧΧΧ.
525 876 798 940 Εἰπόντος
818 874 877 930 δὲ
905 879 1077 929 ταῦτα
1106 880 1207 929 τοῦ
1227 872 1567 944 Σωκράτους
1586 872 1719 939 τοὺς
1737 877 1839 945 μὲν

156 961 426 1028 ἐπαινεῖν,
463 956 561 1013 τὸν
598 957 657 1013 δὲ
686 955 1052 1026 Ἀριστοφάνη
1090 957 1271 1026 λέγειν
1304 979 1356 1011 τι
1394 959 1711 1027 ἐπιχειρεῖν,
1756 955 1839 1012 ὅτι

154 1041 406 1111 ἐμνήσθη
435 1037 609 1096 αὐτοῦ
637 1044 812 1109 λέγων
841 1037 870 1095 ὁ
901 1039 1204 1110 Σωκράτης
1232 1042 1356 1110 περὶ
1384 1046 1487 1095 τοῦ
1513 1040 1712 1110 λόγου·
1748 1041 1836 1095 καὶ

155 1126 412 1194 ἐξαίφνης
431 1120 533 1194 τὴν
553 1121 750 1178 αὔλιον
769 1122 961 1191 θύραν
977 1126 1325 1194 κρουομένην
1340 1122 1522 1179 πολύν
1534 1122 1715 1194 ψόγον
1731 1143 1839 1177 πα-

158 1217 380 1275 ρασχεῖν
413 1203 486 1269 ὡς
514 1211 850 1275 κωμαστῶν,
887 1206 978 1259 καὶ
1009 1202 1337 1276 αὐλητρίδος
1365 1204 1564 1278 φωνὴν
1592 1204 1834 1260 άκούειν.

157 1287 256 1343 τὸν
274 1282 382 1343 οὖν
399 1286 715 1357 Ἀγάθωνα,
735 1292 785 1352 A,
809 1290 960 1354 .ιδες,
981 1287 1154 1356 φάναι
1169 1330 1182 1354 ,
1207 1286 1276 1343 οὐ
1294 1291 1599 1356 σκέψεσθε;
1628 1290 1719 1344 καὶ
1737 1286 1834 1343 ἐὰν
1863 1299 1899 1340 D

157 1374 258 1439 μέν
277 1392 356 1434 τις
376 1376 490 1426 τῶν
507 1372 829 1440 ἐπιτηδείων
845 1361 881 1440 ᾗ
893 1411 907 1438 ,
940 1376 1150 1426 καλεῖτε
1167 1391 1178 1401 ·
1208 1375 1258 1425 εἰ
1275 1371 1332 1426 δὲ
1351 1370 1443 1442 μή,
1464 1374 1645 1440 λέγετε
1665 1368 1748 1426 ὅτι
1769 1367 1838 1424 ού

158 1458 407 1523 πίνομεν,
446 1451 582 1507 ἀλλά
621 1450 1024 1522 ἀναπαυόμεθα
1052 1450 1173 1523 ἤδη.
1214 1455 1304 1508 καὶ
1333 1450 1400 1508 ού
1429 1452 1572 1508 πολὺ
1601 1450 1838 1522 ὕστερον

151 1531 502 1604 Ἀλκιβιάδου
531 1532 634 1604 τὴν
664 1532 861 1604 φωνὴν
892 1532 1123 1590 ἀκούειν
1153 1537 1212 1591 ἐν
1242 1542 1310 1607 τῇ
1328 1533 1475 1607 αὐλῇ
1494 1535 1714 1605 σφόδρα
1739 1555 1837 1605 με·

159 1616 400 1681 θύοντος
417 1617 508 1671 καὶ
528 1617 664 1686 μέγα
687 1622 932 1687 βοῶντος
945 1658 958 1682 ,
986 1620 1298 1685 ἐρωτῶντος
1316 1617 1461 1674 ὅπου
1476 1615 1730 1688 Ἀγάθων
1748 1616 1839 1672 καὶ

158 1698 484 1763 κελεύοντος
512 1698 668 1768 ι’ἱγειν
697 1696 829 1767 παρ’
859 1696 1165 1768 Ἀγάθωνα.
1194 1699 1353 1770 ἄγειν
1375 1693 1481 1755 οὖν
1497 1695 1670 1754 αύτὸν
1689 1696 1837 1767 παρὰ

160 1788 303 1850 σφᾶς
339 1780 440 1851 τήν
475 1801 531 1835 τε
561 1777 861 1851 αὐλητρίδα
891 1777 1290 1853 ὑπολαβοῦσαν
1325 1785 1416 1837 καὶ
1452 1780 1655 1846 ἄλλους
1686 1778 1839 1845 τινάς

158 1870 269 1918 τῶν
290 1861 650 1930 ἀκολούθων,
692 1863 783 1917 καὶ
803 1866 1082 1933 ἐπιστῆναι
1102 1864 1188 1919 ἐπὶ
1209 1861 1306 1928 τὰς
1322 1863 1505 1933 θύρας
1525 1865 1840 1934 ἐστεφανω-

158 1946 327 2015 μένον
356 1941 530 1999 αύτόν
557 1950 745 1999 κιττοῦ
774 1947 836 2000 τέ
859 1967 967 2000 τινι
991 1945 1248 2019 στεφάνῳ
1279 1949 1439 2002 δασεῖ
1459 1946 1549 2001 καὶ
1579 1953 1708 2013 ἴων,
1747 1945 1838 2000 καὶ
1869 1960 1902 2000 Ε

156 2033 366 2091 ταινίας
389 2030 582 2096 ἔχοντα
613 2028 698 2083 ἐπὶ
715 2033 809 2098 τῆς
829 2035 1069 2099 κεφαλῆς
1088 2027 1238 2083 πάνυ
1259 2028 1463 2092 πολλάς
1476 2070 1490 2096 ,
1529 2028 1620 2082 καὶ
1639 2031 1812 2082 εἰπεῖν
1826 2046 1838 2058 ·

151 2111 399 2179 Ἀνδρες,
430 2114 639 2180 χαίρετε
654 2131 665 2141 ·
702 2109 986 2180 μεθύοντα
1005 2109 1184 2179 ἄνδρα
1204 2111 1355 2166 πάνυ
1374 2109 1590 2179 σφόδρα
1611 2110 1838 2173 δέξεσθε

159 2191 475 2262 συμπότην,
494 2186 532 2263 ἦ
550 2189 798 2262 ἀπίωμεν
820 2189 1192 2262 ἀναδήσαντες
1211 2193 1389 2263 μόνον
1403 2189 1723 2262 Ἀγάθωνα,
1743 2188 1833 2261 ἐφ’

161 2267 311 2347 ᾦπερ
328 2271 601 2344 ἤλθομεν;
639 2274 743 2343 ἐγὼ
763 2274 871 2344 γάρ
891 2297 974 2330 τοι
989 2317 1003 2344 ,
1035 2274 1233 2345 φάναι,
1264 2273 1394 2345 χθὲς
1413 2276 1514 2344 μὲν
1532 2271 1634 2344 οὐχ
1654 2269 1768 2337 οἷός
1785 2269 1835 2327 τ’

161 2355 431 2425 ἐγενόμην
452 2352 750 2424 ἀφικέσθαι
764 2399 778 2425 ,
810 2362 919 2410 νῦν
947 2356 1004 2412 δὲ
1022 2355 1140 2427 ἥκω
1162 2359 1247 2412 ἐπὶ
1266 2363 1334 2428 τῇ
1351 2362 1565 2429 κεφαλῇ
1584 2360 1723 2426 ἔχων
1743 2352 1840 2418 τὰς

162 2443 397 2506 ταινίας,
434 2439 526 2491 ἵνα
549 2434 656 2494 ἀπὸ
686 2445 781 2508 τῆς
810 2441 939 2509 ἐμῆς
966 2444 1208 2508 κεφαλῆς
1232 2436 1336 2509 τὴν
1371 2444 1473 2494 τοῦ
1510 2437 1839 2508 σοφωτάτου

164 2521 251 2574 καὶ
283 2524 579 2573 καλλίστου
606 2518 856 2589 κεφαλὴν
894 2518 1139 2575 ἀνειπὼν
1177 2518 1378 2576 οὑτωσὶ
1414 2518 1691 2591 ἀναδήσω.
1731 2513 1838 2588 ἀρα

167 2600 613 2670 καταγελάσεσθέ
629 2622 738 2670 μου
758 2600 832 2667 ῶς
850 2603 1188 2672 μεθύοντος;
1209 2601 1316 2674 ἐγώ
1337 2605 1423 2674 δέ,
1446 2602 1554 2659 κάν
1570 2600 1725 2673 ὑμεῖς
1744 2622 1839 2670 γε-

164 2689 308 2753 λᾶτε,
330 2682 477 2754 ὅμως
499 2676 563 2738 εὖ
582 2681 667 2737 οἶδ
675 2680 688 2701 ’
710 2682 795 2738 ὅτι
815 2681 999 2756 ἀληθῆ
1018 2686 1172 2756 λέγω.
1194 2683 1334 2741 ἀλλά
1353 2706 1444 2756 μοι
1465 2688 1645 2755 λέγετε
1666 2682 1836 2739 αύτό-
1867 2692 1954 2738 213

162 2773 296 2836 θεν,
318 2768 402 2821 ἐπὶ
422 2769 605 2837 ῥητοῖς
628 2771 776 2821 εἰσίω
793 2763 830 2837 ἦ
847 2767 951 2838 μή;
988 2773 1294 2839 συμπίεσθε
1319 2764 1355 2839 ἢ
1376 2765 1470 2834 οὔ;
1509 2766 1715 2831 πάντας
1733 2759 1839 2821 οὖν

164 2845 586 2920 ἀναθορυβῆσαι
619 2852 706 2904 καὶ
739 2850 987 2905 κελεύειν
1019 2853 1241 2907 εἰσιέναι
1269 2851 1359 2905 καὶ
1389 2854 1837 2917 κατακλίνεσθαι,
