2028 3198
293 185 364 238 88
892 182 1374 230 ΠΛΑΤῼΝΟΣ

229 331 265 372 D
438 324 561 374 Σῼ.
643 315 759 386 Τὴν
804 313 911 383 ἄρα
952 315 1267 385 ἐπάγουσαν
1316 316 1402 370 ἐπὶ
1438 311 1505 370 τὰ
1554 314 1976 385 ἐπιθυμούμενα

296 399 587 465 ἀποδείξας
606 397 829 469 μνήμην
849 394 878 451 ὃ
906 396 1070 466 λόγος
1087 403 1264 468 ψυχῆς
1286 397 1580 468 ξύμπασαν
1599 397 1701 468 τήν
1720 419 1777 452 τε
1798 395 1976 467 ὁρμην

294 485 384 538 καὶ
404 485 706 551 ἐπιθυμίαν
725 481 815 534 καὶ
843 476 945 549 τὴν
967 475 1144 549 ἀρχὴν
1157 485 1263 534 τοῦ
1284 480 1429 545 ζωου
1448 478 1653 544 παντὸς
1673 478 1973 550 ἀπέφηνεν.

433 567 603 618 ΠΡῼ.
655 559 972 631 Ὀρθότατα.

434 651 558 702 ΣΩ.
611 649 806 716 Διψῇν
836 642 945 711 ἄρα
974 640 1133 713 ἡμῶν
1161 642 1221 698 τὸ
1256 651 1412 714 σῶμα
1442 641 1480 715 ἦ
1507 651 1704 718 πεινῇν
1731 645 1767 716 ἤ
1794 650 1975 700 τιτῶν

291 729 562 785 τοιούτων
583 728 814 797 πάσχειν
833 723 1052 797 οὐδαμῇ
1072 722 1100 779 ὁ
1125 725 1288 795 λόγος
1307 729 1461 797 αἱρεῖ.

432 816 600 868 ΠΡΩ.
656 809 1035 880 Ἀληθέστατα.

439 899 562 950 ΣΩ.
611 893 727 947 ”Em
748 889 814 962 δὴ
836 892 927 946 καὶ
946 889 1071 945 τόδε
1089 891 1214 959 περὶ
1231 888 1404 945 ταύτὰ
1424 897 1598 946 ταῦτα
1617 891 1972 962 κατανοήσω-

295 999 413 1048 μεν.
451 983 578 1048 βίου
608 973 714 1046 γὰρ
747 972 891 1037 εἶδός
917 978 972 1027 τί
996 994 1088 1042 μοι
1117 977 1368 1042 φαίνεται
1385 974 1693 1044 βούλεσθαι
1713 978 1921 1044 δηλοῦν
1945 970 1974 1027 ὁ

296 1060 458 1129 λόγος
476 1055 606 1128 ἡμῖν
624 1059 684 1111 ἐν
704 1056 919 1119 τούτοις
937 1053 1133 1118 αὐτοῖς.

224 1156 260 1197 Ε
433 1144 601 1195 ΠΡῼ.
651 1137 741 1193 Ἐν
758 1144 865 1193 τίσι
883 1139 973 1192 καὶ
992 1142 1155 1191 ποίου
1175 1138 1297 1205 περὶ
1314 1142 1442 1207 βίου
1463 1137 1709 1207 φραζεις;

437 1227 561 1278 ΣΩ.
615 1218 704 1275 Ἐν
729 1220 803 1292 τῷ
839 1224 1193 1289 πληροῦσθαι
1221 1219 1313 1273 καὶ
1341 1226 1646 1274 κενοῦσθαι
1681 1223 1771 1274 καὶ
1808 1225 1976 1275 πᾶσιν

297 1306 401 1362 ὅσα
420 1306 544 1374 περὶ
564 1307 841 1373 σωτηρίαν
858 1298 907 1355 τ’
934 1302 1046 1356 ἐστὶ
1065 1306 1178 1355 τῶν
1199 1300 1351 1366 ζώων
1373 1302 1464 1355 καὶ
1484 1299 1586 1371 τὴν
1606 1301 1862 1372 φθοράν,
1884 1303 1974 1357 καὶ

297 1397 353 1445 εἴ
371 1410 452 1452 τις
480 1385 695 1442 τούτων
714 1388 773 1439 ἐν
794 1384 1028 1456 ἑκατέρῳ
1049 1381 1374 1453 γιγνόμενος
1393 1380 1552 1454 ἡμῶν
1571 1381 1754 1455 ἀλγεῖ,
1774 1385 1894 1439 τοτὲ
1914 1384 1972 1439 δὲ

293 1475 468 1542 χαίρει
486 1467 623 1524 κατὰ
643 1467 738 1533 τὰς
760 1466 1078 1538 μεταβολάς.

435 1555 604 1606 ΠΡῼ.
644 1548 797 1604 ’Ἐστι
815 1555 1002 1603 ταῦτα.

436 1638 561 1690 Σῼ.
613 1638 683 1688 Τί
701 1630 751 1687 δ’
783 1631 917 1687 ὅταν
936 1635 995 1686 ἐν
1014 1633 1160 1704 μέσῳ
1179 1631 1394 1687 τούτων
1411 1637 1686 1702 γίγνηται;

432 1721 602 1772 ΠΡΩ.
656 1722 784 1779 Πῶς
805 1717 863 1769 ἐν
881 1715 1056 1811 μέσση

433 1803 559 1854 ΣΩ.
596 1796 708 1852 Δια
724 1819 823 1867 μεν
838 1796 898 1851 τὸ
916 1796 1096 1860 παθος
1114 1793 1271 1868 αλγῇ,
1293 1803 1561 1867 μεμνῆται
1578 1796 1635 1852 δε
1650 1818 1761 1851 των
1777 1793 1972 1866 ἡδέων,

300 1903 380 1936 ων
407 1881 723 1950 γενομένων
760 1877 978 1933 παύοιτ’
1016 1901 1087 1932 αν
1115 1885 1211 1948 τῆς
1238 1876 1568 1976 ἀλγηδόνος,
1607 1885 1887 1949 πληρωται
1915 1880 1975 1933 δὲ

297 1962 490 2034 μήπω·
525 1965 582 2015 τί
603 1960 751 2025 τότε;
788 1982 980 2030 φωμεν
1009 1957 1046 2031 ἦ
1074 1957 1147 2030 μὴ
1179 1981 1374 2030 φωμεν
1403 1958 1575 2015 αὐτὸν
1603 1963 1663 2014 ἐν
1692 1966 1840 2032 μέσω
1862 1981 1974 2014 των

209 2059 267 2105 36
294 2043 641 2116 παθηματων
662 2034 828 2109 εἶναι;

435 2130 604 2182 ΠΡΩ.
661 2130 863 2195 Φεόμεν
881 2146 980 2194 μεν
1000 2117 1117 2178 οὖν.

436 2213 561 2265 Σῼ.
620 2205 871 2276 Πότερον
892 2203 1164 2274 ἆλγοῦνθ’
1186 2204 1327 2270 ὅλως
1344 2203 1380 2278 ἢ
1398 2212 1681 2277 χαίροντα;

435 2295 603 2346 ΠΡῼ.
660 2288 763 2344 Μὰ
792 2285 908 2357 Δί’,
950 2285 1088 2343 ἀλλὰ
1120 2291 1283 2361 διπλῇ
1310 2291 1416 2344 τινὶ
1434 2288 1584 2359 λύπῃ
1602 2288 1971 2358 λυπούμενον,

297 2372 434 2428 κατὰ
464 2373 566 2443 μὲν
593 2370 654 2426 τὸ
686 2376 842 2440 σῶμα
862 2372 922 2425 ἐν
949 2376 1026 2443 τῷ
1055 2371 1366 2442 παθήματι,
1405 2368 1543 2426 κατὰ
1573 2370 1631 2426 δὲ
1661 2368 1762 2439 τὴν
1789 2367 1972 2440 ψυχήν

298 2459 630 2526 προσδοκίας
647 2454 754 2507 τινὶ
772 2452 950 2524 πόθῳ.

436 2540 560 2593 ΣΩ.
632 2540 788 2604 Πῶς,
838 2527 882 2588 ὦ
917 2534 1244 2607 Πρώταρχε,
1288 2534 1349 2590 τὸ
1400 2539 1634 2590 διπλοῦν
1668 2539 1764 2604 τῆς
1798 2532 1973 2602 λύπης

296 2618 440 2684 εἶπες
452 2642 468 2686 ;
489 2611 581 2686 ἆρ’
603 2613 707 2671 οὐκ
728 2620 839 2671 ἔστι
860 2617 961 2686 μὲν
980 2615 1070 2672 ὅτε
1089 2639 1169 2682 τις
1188 2615 1346 2689 ἡμῶν
1365 2617 1702 2687 κενούμενος
1719 2618 1779 2671 ἐν
1797 2616 1972 2669 ἐλπίδι

297 2705 514 2772 φανερᾷ
534 2704 637 2754 τοῦ
653 2698 1127 2769 πληρωθήσεσθαι
1151 2701 1488 2771 καθέστηκε,
1517 2699 1637 2754 τοτὲ
1656 2699 1715 2752 δὲ
1733 2693 1972 2752 τούναν-

234 2795 265 2834 B
295 2789 414 2838 τιόν
431 2780 769 2845 ἀνελπίστως
787 2784 920 2850 ἔχει;

436 2869 606 2920 ΠΡΩ.
659 2864 769 2918 Καὶ
786 2862 933 2933 μάλα
951 2884 1029 2933 γε,
