2028 3198
314 162 410 213 [28
923 162 1094 207 HAA
1113 159 1400 207 ΤῼΝΟΣ

306 301 534 366 χαίρειν,
556 293 688 365 μήτε
707 291 767 348 τὸ
793 292 1058 362 παράπαν
1075 291 1375 361 γιγνώσκοι
1394 297 1451 346 τί
1464 311 1596 346 ποτε
1615 293 1865 347 πέπονθε
1884 289 1987 347 πά-

247 383 281 426 E
309 386 438 445 θος,
482 374 604 447 μήτ’
638 378 710 429 αὐ
742 374 965 445 μνήμην
994 378 1095 428 τοῦ
1115 371 1335 437 πάθους
1354 372 1485 443 μηδ’
1506 371 1767 428 ὁντινοῦν
1788 372 1991 443 χρόνον

310 462 435 526 ἔ.χοι
475 453 648 512 ταύτὰ
674 458 731 509 δὲ
754 456 894 524 λέγω
915 456 1006 509 καὶ
1027 455 1153 522 περὶ
1173 452 1496 524 φρονήσεως
1510 497 1524 523 ,
1565 462 1709 519 εἴτις
1728 453 1866 508 ἄνευ
1885 455 1992 508 πά-

309 554 406 609 σης
427 536 631 610 ηδονῆς
651 538 743 593 καὶ
762 544 857 607 τῆς
876 535 1217 607 βραχυτάτης
1238 534 1436 600 δέξαιτ’
1468 532 1542 590 α“ν
1560 535 1835 605 φρόνησιν
1853 539 1993 605 ἔχειν

312 629 524 692 μᾶλλον
542 617 578 692 ἢ
597 619 731 690 μετά
751 640 921 674 τινων
939 613 1224 688 ἡδονῶν,
1199 615 1235 687 η’
1248 617 1430 681 πάσας
1447 615 1652 687 ἡδονας
1669 618 1831 686 χωρὶς
1852 637 1994 686 φρο-

312 704 524 775 νήσεως
543 708 756 773 μᾶλλον
774 696 838 770 ἢ
832 722 962 755 ιιετα
986 699 1309 799 φρονήσεως
1330 692 1404 752 αὖ
1423 699 1588 763 τινός.

451 789 623 839 ΠΡΩ.
685 779 803 838 Οὐκ
825 786 989 852 ἔστιν,
1012 784 1053 836 ώ
1072 781 1382 850 Σώκρατες,
1404 778 1514 834 ἄλλ’
1539 778 1705 835 οὐδὲν
1724 783 1806 834 δεῖ
1823 779 1992 834 ταῦτά

311 887 374 936 γε
395 864 661 927 πολλάκις
680 867 972 935 ἐπερωτᾶν

227 959 282 1001 61
457 950 578 1000 ΣΩ.
642 943 871 999 Οὐκοῦν
892 944 954 1000 τό
984 966 1046 1013 γε
1076 946 1263 999 τέλεον
1283 947 1374 999 και
1394 949 1563 998 πᾶσιν
1584 940 1802 1010 αἱρετὸν
1823 945 1914 998 καὶ
1932 943 1992 996 τὸ

316 1026 668 1082 παντάπασιν
691 1023 914 1094 ἀγαθὸν
934 1023 1227 1095 οὐδέτερον
1247 1022 1317 1080 ἄν
1336 1024 1552 1080 τούτων
1573 1032 1682 1094 εἴης

454 1113 623 1163 ΠΡΩ.
677 1112 808 1170 Πῶς
825 1104 932 1176 γὰρ
953 1105 1051 1173 ἄνς

456 1194 583 1245 ΣΩ.
645 1185 718 1242 Τὸ
751 1193 943 1242 τοίνυν
974 1184 1193 1256 ἀγαθὸν
1219 1185 1341 1257 ἤτοι
1368 1193 1558 1256 σαφῶς
1584 1183 1620 1257 ἢ
1651 1191 1746 1241 καί
1757 1208 1878 1241 τινα
1898 1185 1997 1239 τύ-

317 1292 425 1327 πον
451 1269 625 1326 αὐτοῦ
644 1272 905 1340 ληπτέον,
942 1267 1017 1323 ἵν’
1053 1267 1189 1338 ὅπερ
1210 1271 1441 1338 λέγομεν
1463 1271 1739 1336 δευτερεῖα
1760 1264 1866 1340 ὅτῳ
1889 1265 1997 1320 δώ-

319 1370 489 1424 σομεν
510 1357 729 1423 ἔχωμεν.

459 1439 629 1489 ΠΡΩ.
683 1431 986 1501 Ὀρθότατα
1008 1434 1192 1501 λέγεις.

458 1521 583 1571 ΣΩ.
640 1511 868 1569 Οὐκοῦν
885 1510 1019 1569 ὁδὸν
1034 1515 1135 1583 μέν
1154 1534 1275 1566 τινα
1295 1513 1379 1567 ἐπὶ
1398 1509 1650 1580 τάγαθὸν
1669 1509 1998 1580 εἰλήφαμεν;

461 1602 630 1653 ΠΡΩ.
695 1601 860 1660 Τίνα;

461 1685 586 1736 ΣΩ.
644 1677 918 1747 Καθάπερ
943 1684 998 1731 εἴ
1018 1681 1097 1740 τίς
1128 1697 1250 1730 τινα
1271 1674 1578 1745 ἄνθρωπον
1608 1679 1779 1745 ζητῶν
1799 1674 1900 1743 τὴν
1919 1679 1999 1727 οῖ’-

260 1779 290 1818 Β
321 1778 483 1833 κησιν
502 1767 723 1830 πρῶτον
744 1758 956 1828 ὀρθῶς,
996 1756 1070 1812 ἵν’
1096 1762 1259 1827 οἰκεῖ,
1301 1754 1527 1813 πύθοιτ’
1559 1754 1757 1825 αὐτοῦ,
1796 1757 1932 1825 μέγα
1952 1775 2000 1808 τι

323 1845 391 1915 δή
411 1863 520 1898 που
541 1839 678 1908 πρὸς
697 1839 800 1909 τὴν
820 1839 1039 1907 εὕρεσιν
1063 1834 1134 1891 ἄν
1156 1842 1264 1907 ἔχοι
1282 1845 1384 1892 τοῦ
1409 1841 1758 1907 ζητουμένου.

463 1927 634 1977 ΠΡΩ.
692 1926 821 1984 Πῶς
842 1918 891 1973 δ’
918 1919 1013 1983 οῧ;

463 2009 586 2059 Σῼ.
641 2004 763 2057 Καὶ·
780 2009 887 2056 νῦν
920 2001 988 2070 δή
1007 2022 1087 2064 τις
1116 1999 1278 2069 λόγος
1312 2000 1587 2069 ἐμήνυσεν
1619 1997 1777 2068 ἡμῖν,
1819 1997 2002 2066 ῶσπερ

324 2088 413 2141 καὶ
433 2082 552 2140 κατ’
578 2082 764 2153 ἀρχάς,
786 2083 858 2154 μὴ
881 2087 1055 2152 ζητεῖν
1075 2085 1134 2136 έν
1159 2088 1235 2153 τῷ
1256 2075 1463 2153 άμίκτῳ
1484 2085 1586 2155 βίῳ
1607 2078 1861 2151 τάγαθὸν
1879 2076 2000 2134 ἀλλ’

325 2171 386 2222 ἐν
406 2173 480 2240 τῷ
501 2173 686 2239 μικτῷ.

464 2254 636 2304 ΠΡΩ.
690 2247 853 2302 Πάνυ
872 2268 947 2315 γε.

467 2335 595 2386 ΣΩ.
643 2328 820 2392 Ἐλπὶς
856 2327 966 2398 μὴν
1002 2332 1205 2382 πλείων
1242 2331 1300 2382 έν
1328 2332 1403 2399 τῷ
1441 2327 1691 2396 μιχθέντι
1726 2331 1907 2389 καλῶς
1943 2324 2003 2379 τὸ

326 2411 664 2482 ζητούμενον
684 2414 910 2465 ἔσεσθαι
932 2409 1323 2481 φανερώτερον
1340 2405 1376 2480 ἢ
1396 2410 1458 2463 ἐν
1475 2414 1552 2479 τῷ
1574 2407 1677 2478 μή;

467 2497 641 2546 ΠΡΩ.
698 2490 858 2547 Πολύ
876 2513 954 2561 γε.
2023 2521 2028 2563 3

466 2578 588 2628 ΣΩ.
649 2579 771 2635 Τοῖς
792 2570 856 2642 δὴ
881 2580 1059 2641 θεοῖς,
1081 2565 1124 2626 ῶ
1145 2572 1470 2643 Πρώταρχε,
1503 2569 1789 2640 εὐχόμενοι
1807 2565 2028 2641 ηραν-ξ

267 2673 296 2714 C
330 2655 576 2725 νύωμεν,
621 2661 725 2708 εἴτε
754 2654 1033 2720 Διόνυσος
1063 2662 1168 2710 εἴτε
1194 2651 1495 2723 ”Ἠφαιστος
1527 2649 1637 2707 εἴθ’
1674 2650 1823 2712 ὅστις
1856 2654 2028 2711 θεῶν;

327 2735 536 2806 ταύτην
553 2733 657 2805 τὴν
675 2735 837 2804 τιμὴν
859 2743 1035 2805 εἴληχε
1056 2742 1150 2806 τῆς
1169 2735 1535 2805 συγκράσεως.
2020 2735 2028 2747 ²

470 2822 638 2871 ΠΡΩ.
696 2815 861 2870 Πάνυ
879 2819 980 2885 μὲν
1006 2810 1125 2870 οὖν.
