2028 3198
252 126 349 181 156
845 128 1326 176 ΠΛΑΤΩΝΟΣ
1862 134 1920 176 18

244 261 512 334 ἀνόμοιόν
531 265 659 331 ἐστι,
681 259 740 316 τὸ
763 261 819 316 δὲ
839 258 1103 330 ἀνόμοιον
1119 257 1400 329 ἀνομοίων
1417 262 1679 329 ἐπιθυμεῖ
1694 260 1784 315 καὶ
1803 263 1915 332 ἐρᾷ.

243 345 405 409 ἄλλος
423 346 524 415 μὲν
543 338 650 399 οὖν
669 342 696 398 ὁ
721 345 808 399 ἐπὶ
827 349 905 413 τῷ
925 341 1149 417 ὑγιεινῷ
1177 347 1340 412 ἔρως,
1381 341 1544 407 ἄλλος
1576 345 1634 396 δὲ
1670 339 1697 397 ὁ
1729 343 1814 397 ἐπὶ
1844 348 1921 415 τῷ

242 427 487 482 νοσώδει.
526 430 638 482 ἔστι
667 425 762 497 δή,
802 424 985 496 ὥσπερ
1015 425 1139 495 ἄρτι
1166 430 1489 489 Παυσανίας
1519 428 1668 493 ἔλεγε
1687 435 1798 487 τοῖς
1817 425 1919 493 μὲν

181 525 211 566 G
242 508 474 579 ἀγαθοῖς
490 507 662 564 καλὸν
681 511 997 578 χαρίζεσθαι
1016 514 1127 562 τῷν
1144 505 1480 576 ἀνθρώπων,
1504 519 1614 571 τοῖς
1634 509 1694 561 δὲ
1714 504 1920 561 ἀκολά-

241 608 389 656 στοις
421 591 676 662 αἰσχρόν,
716 590 862 646 οὕτω
893 593 983 646 καὶ
1011 593 1071 645 ἐν
1096 587 1282 655 αὐτοῖς
1311 602 1421 655 τοῖς
1453 589 1667 661 στόμασι
1686 601 1799 654 τοῖς
1818 591 1920 659 μὲν

241 673 476 744 ἀγαθοῖς
505 675 740 730 ἑκάστου
768 682 870 729 τοῦ
900 673 1151 744 στόματος
1173 675 1263 728 καὶ
1283 671 1543 742 ὑγιεινοῖς
1574 671 1746 728 καλὸν
1764 676 1919 741 χαρί-

239 761 430 822 ζεσθαι
446 760 536 812 καὶ
556 761 662 827 δεῖ,
696 759 787 813 καὶ
815 757 978 812 τοῦτό
1000 758 1146 812 ἐστιν
1169 748 1214 828 ῷ
1238 754 1415 825 ὄνομα
1435 753 1496 810 τό
1520 754 1787 826 ἰατρικόν,
1807 765 1921 817 τοῖς

241 840 298 894 δὲ
319 850 508 903 κακοῖς
531 839 622 893 καὶ
652 838 956 893 νοσωδεσιν
977 838 1204 908 αἰσχρόν
1224 860 1280 894 τε
1303 841 1392 894 καὶ
1414 842 1499 893 δεῖ
1512 836 1850 908 ἀχαριστεῖν,
1873 840 1923 890 εί

235 924 416 990 μέλλει
435 942 514 985 τις
531 919 775 990 τεχνικὸς
794 919 947 976 εἶναι.
989 925 1099 975 ἔστι
1128 921 1233 991 γάρ
1266 922 1510 992 ἰατρική,
1554 918 1626 984 ὡς
1655 922 1715 974 ἐν
1742 939 1919 988 κεφα-

237 1008 370 1075 λαίςο
402 1008 600 1074 εἰπεῖν,
640 1003 906 1074 ἐπιστήμη
936 1010 1048 1059 τῷν
1078 1009 1178 1059 τοῦ
1211 1003 1462 1073 σώματος
1481 1005 1761 1072 ἐρωτικῷν
1779 999 1916 1069 πρὸς

235 1082 564 1154 πλησμονὴν
594 1086 685 1140 καὶ
716 1089 979 1157 κένωσιν,
1018 1082 1159 1141 καὶὸ
1190 1084 1608 1155 διαγιγνώσκων
1627 1087 1685 1139 ἐν
1703 1083 1916 1145 τούτοις

170 1184 202 1223 D
234 1165 332 1221 τὸν
352 1165 526 1221 καλόν
544 1188 601 1221 τε
621 1169 711 1222 καὶ
732 1165 960 1237 αἰσχρὸν
980 1171 1169 1238 ἔρωτα,
1194 1161 1355 1231 οὗτός
1376 1170 1523 1222 ἐστιν
1543 1165 1570 1222 ὁ
1594 1165 1917 1235 ἰατρικώτα-

233 1271 351 1319 τος,
382 1250 468 1303 καὶ
492 1247 519 1304 ὁ
542 1250 902 1320 μεταβάλλειν
921 1257 1126 1320 ποιῷν,
1151 1249 1289 1305 ὥστε
1308 1247 1430 1304 ἀντὶ
1448 1254 1550 1304 τοῦ
1571 1250 1760 1318 ἑτέρου
1780 1252 1915 1315 ἔρω-

233 1353 325 1396 τος
354 1330 454 1385 τὸν
483 1332 674 1402 ἕτερον
703 1339 970 1403 κτᾶσθαι,
1011 1334 1102 1388 καὶ
1132 1329 1211 1398 οἷς
1230 1334 1302 1404 μὴ
1325 1336 1537 1388 ἔνεστιν
1565 1336 1726 1402 ἔρως,
1759 1334 1844 1384 δεῖ
1861 1326 1910 1384 δ’

234 1416 585 1483 ἐγγενέσθαι,
625 1414 982 1486 ἐπιστάμενος
1012 1419 1305 1486 ἐμποιῆσαι
1336 1419 1427 1470 καὶ
1463 1414 1658 1471 ἐνόντα
1698 1417 1915 1481 ἐξελεῖν,

232 1493 446 1565 ἀγαθὸς
467 1492 538 1551 ἄν
559 1504 640 1568 εἴη
663 1499 1011 1569 δημιουργός.
1046 1502 1134 1553 δεῖ
1155 1496 1259 1567 γαρ
1281 1497 1345 1567 δὴ
1367 1496 1433 1552 τὰ
1455 1500 1678 1566 ἔχθιστα
1699 1495 1834 1551 ὅντα
1858 1498 1917 1549 ἐν

232 1585 305 1650 τῷ
338 1577 547 1648 σώματι
578 1584 712 1648 φίλα
744 1576 866 1635 οἷόν
895 1579 938 1635 τ’
976 1579 1112 1635 εἶναι
1143 1591 1322 1635 ποιεῖν
1348 1580 1439 1634 καὶ
1468 1581 1604 1652 ἐρᾷν
1635 1577 1889 1648 ἀλλήλων

230 1664 343 1715 ἔστι
364 1662 420 1717 δὲ
440 1666 665 1731 ἔχθιστα
686 1663 751 1718 τὰ
772 1665 1167 1732 ἐναντιώτατα,
1207 1660 1422 1732 ψυχρὸν
1450 1668 1672 1734 θερμῷ,
1713 1657 1916 1727 πικρὸν

231 1749 448 1812 γλυκεῖ,
481 1743 649 1814 ξηρὸν
668 1742 850 1820 ὑγρῷ,
883 1745 1064 1801 πάντα
1084 1743 1148 1799 τά
1168 1749 1423 1799 τοιαῦτα·
1463 1743 1678 1807 τούτοις
1697 1745 1914 1812 ἐπιστηο

173 1846 203 1884 E
234 1826 354 1888 θεὶς
380 1829 555 1895 ἔρωτα
586 1829 876 1896 ἐμποιῆσαι
904 1830 996 1883 καὶ
1028 1825 1293 1897 ὁμόνοιαν
1312 1823 1340 1881 ὁ
1361 1823 1623 1896 ἡμέτερος
1644 1825 1918 1895 πρόγονος

227 1905 574 1976 Ἀσκληπιός,
612 1905 686 1971 ὥς
714 1925 887 1977 φασιν
916 1912 1029 1964 οἵδε
1059 1912 1114 1963 oc
1139 1910 1356 1978 ποιηταὶ
1387 1909 1478 1962 καὶ
1508 1907 1613 1975 ἐγώ
1634 1912 1913 1975 πείθομαι,

232 1992 532 2060 συνέστησε
550 1989 653 2060 τὴν
673 1987 942 2060 ἡμετέραν
960 1993 1166 2060 τέχνην.
1190 1988 1226 2060 ἥ
1244 2011 1301 2044 τε
1321 1983 1426 2043 οὖν
1451 1988 1693 2058 ἰατρική,
1729 1987 1913 2058 ὥσπερ

230 2075 400 2142 λέγω,
438 2078 588 2126 πᾶσα
620 2072 710 2126 διὰ
728 2077 829 2126 τοῦ
847 2079 989 2127 θεοῦ
1017 2073 1220 2128 τούτου
1249 2077 1614 2143 κυβερνᾶται,
1653 2068 1915 2134 ὡσαύτως

119 2168 199 2214 187
230 2156 290 2208 δὲ
319 2155 410 2209 καὶ
435 2151 779 2225 γυμναστικὴ
814 2157 906 2210 καὶ
945 2160 1208 2225 γεωργία·
1247 2152 1483 2225 μουσικὴ
1525 2154 1583 2209 δὲ
1623 2155 1714 2209 καὶ
1752 2154 1914 2207 παντὶ

229 2238 536 2307 κατάδηλος
557 2242 635 2310 τῷ
656 2238 748 2292 καὶ
778 2236 1016 2308 σμικρὸν
1045 2239 1367 2307 προσέχοντι
1386 2235 1485 2291 τὸν
1504 2242 1647 2291 νοῦν
1669 2234 1754 2291 ὅτι
1775 2232 1911 2290 κατὰ

227 2317 399 2373 ταύτά
423 2323 529 2388 ἔχει
546 2319 789 2390 τούτοις,
830 2319 1015 2389 ὥσπερ
1037 2327 1167 2384 ἴσως
1185 2316 1638 2389 καὶ”Ηράκλειτος
1654 2317 1914 2390 βούλεται

226 2404 438 2470 λέγειν,
475 2402 590 2455 ἐπεὶ
625 2413 739 2466 τοῖς
771 2424 834 2472 γε
871 2403 1113 2474 ῥήμασιν
1143 2399 1211 2457 οὐ
1242 2406 1423 2464 καλῶς
1452 2402 1608 2470 λέγει.
1642 2398 1702 2455 τὸ
1726 2402 1785 2454 ἓν
1804 2398 1911 2469 γάρ

227 2501 364 2554 φησι
396 2484 805 2553 διαφερόμενον
835 2483 969 2540 αύτὸ
1000 2481 1153 2558 αὑτῷ
1173 2486 1579 2555 ξυμφέρεσθαι,
1603 2484 1788 2550 ὥσπερ
1810 2479 1910 2548 ἆρ-

227 2571 427 2636 μονίαν
455 2566 620 2631 τόξου
647 2587 705 2620 τε
729 2568 820 2622 καὶ
850 2566 1036 2636 λύρας.
1078 2572 1192 2621 ἔστι
1222 2566 1280 2622 δὲ
1311 2564 1484 2635 πολλὴ
1514 2562 1707 2635 ἀλογία
1735 2561 1910 2632 ἁρμο-

226 2654 354 2704 νίαν
391 2648 567 2718 φάναι
607 2650 972 2717 διαφέρεσθαι
1014 2645 1051 2719 ἦ
1085 2651 1142 2704 ἐκ
1178 2650 1599 2719 διαφερομένων
1637 2651 1715 2701 ἔτι
1752 2643 1905 2699 εἶναι.

225 2728 349 2785 ἀλλ’
372 2738 502 2795 ἴσως
517 2730 644 2786 τόδε
661 2729 918 2800 ἐβούλετο
936 2735 1132 2800 λέγειν,
1155 2727 1240 2784 ὅτι
1259 2732 1318 2784 ἐκ
1333 2729 1751 2797 διαφερομένων
1767 2727 1907 2795 πρό-

162 2831 192 2869 B
227 2832 389 2878 τερον
412 2818 512 2866 τοῦ
537 2807 683 2876 ὀξέος
703 2813 792 2866 καὶ
810 2813 1034 2882 βαρέος,
1067 2818 1250 2867 ἔπειτα
1269 2810 1506 2879 ὕστερον
1525 2805 1905 2878 ὁμολογησάν·
