2028 3198
709 109 1109 162 ΦΙΛΗΒΟΣ.
1641 105 1745 158 135

65 252 255 323 λόγος,
291 253 382 307 καὶ
412 252 475 305 ἐν
504 258 622 312 ταῖς
647 243 874 317 ἡδοναῖς
901 255 1017 309 ταῖς
1052 243 1177 314 περὶ
1202 240 1558 313 τάφροδίσια,
1598 245 1659 296 αἳ
1676 239 1743 313 δὴ

63 338 311 406 μέγισται
329 335 594 388 δοκοῦσιν
611 325 752 384 εἶναι
763 369 779 396 ,
815 328 908 382 καὶ
927 324 989 382 τὰ
1012 327 1290 394 ἐπιορκεῖν
1309 323 1646 396 συγγνώμην
1667 329 1747 379 εἴ-

64 424 207 487 ληφε
232 412 380 485 παρὰ
398 418 554 469 θεῶν
566 452 582 479 ,
623 431 697 475 ως
715 409 974 477 καθάπερ
994 411 1209 464 παίδων
1228 429 1343 462 των
1362 404 1586 477 ἡδονων
1605 409 1748 502 νοῦν

65 497 196 555 οὐδὲ
230 494 331 551 τόν
369 493 649 564 ὀλίγιστον
683 492 1062 562 κεκτημένων·
1115 495 1252 555 νοῦς
1289 487 1348 544 δε
1383 486 1506 560 ἤτοι
1539 483 1744 543 ταύτὸν
1775 503 1811 546 1)

63 581 154 636 καὶ
187 576 424 649 ἀλήθειά
460 577 608 632 ἐστιν
644 570 680 646 ἢ
701 573 927 629 πάντων
968 570 1295 643 ὁμοιότατόν
1331 591 1390 626 τε
1419 571 1509 625 καὶ
1539 567 1750 640 ἀληθέ-

64 680 280 718 στατον.

202 747 328 800 ΣΩ.
389 737 619 798 Οὐκοῦν
645 737 707 794 τὸ
738 735 871 809 μετὰ
902 743 1066 793 τοῦτο
1094 734 1198 806 τὴν
1216 733 1540 806 μετριότητα
1563 731 1750 788 ὡσαύ-

63 848 172 891 τως
198 827 423 894 σκέψαι,
461 822 702 891 πότερον
729 817 904 892 ἡδονὴ
925 812 1305 889 φρονήσεωςῆ
1327 814 1598 886 φρόνησις
1615 813 1750 885 ἡδο-

64 914 164 978 νῆς
182 910 351 962 πλείω
371 908 650 974 κέκτηται,

203 991 374 1043 ΠΡΩ.
431 982 762 1041 Εῦσκεπτόν
790 1004 851 1052 γε
882 983 973 1038 καὶ
995 980 1202 1051 ταύτην
1222 980 1419 1045 σκέψιν
1437 979 1750 1050 προβέβλη-

64 1091 180 1134 κας.
218 1066 368 1140 οἶμαι
385 1067 492 1137 γὰρ
511 1064 718 1138 ἡδονῆς
733 1066 837 1136 μὲν
856 1066 947 1120 καὶ
971 1067 1316 1135 περιχαρείας
1335 1058 1502 1117 οὐδὲν
1519 1065 1634 1116 τῶν
1652 1058 1752 1115 ὅν-

0 1145 10 1214 ‚⁵
65 1172 178 1208 των
195 1149 447 1222 πεφυκὸς
466 1147 836 1220 ἀμετρότερον
856 1143 1041 1215 εὑρεῖν
1060 1143 1132 1200 ἄν
1151 1165 1275 1200 τινα
1287 1185 1303 1215 ,
1321 1149 1429 1199 νοῦ
1442 1142 1501 1199 δὲ
1522 1143 1613 1199 καὶ
1633 1144 1751 1199 ἐπι-

0 1280 4 1315 3
67 1232 273 1303 στήμης
291 1231 690 1303 ἑμμετρότερον
714 1226 836 1284 οὐδ’
861 1223 933 1283 ἂν
954 1228 1016 1283 ἕν
1035 1245 1181 1282 ποτε.

208 1318 332 1370 ΣΩ.
388 1318 588 1377 Καλῶς
616 1319 852 1382 εἴρηκας.
908 1308 1057 1380 ὅμως
1086 1305 1138 1364 δ’
1170 1312 1249 1365 ἔτι
1284 1311 1408 1379 λέγε
1445 1306 1506 1364 τὸ
1546 1310 1747 1376 τρίτον.
1782 1326 1816 1366 Ε

0 1354 7 1475 ἰ,
68 1402 205 1461 νοῦς
231 1393 366 1467 ἡμῖν
393 1395 635 1460 κάλλους
662 1398 953 1464 μετείληφε
971 1386 1208 1447 πλεῖον
1181 1389 1219 1462 η’
1236 1389 1298 1446 τὸ
1318 1396 1413 1462 τῆς
1427 1388 1636 1461 ἡδονῆς
1654 1390 1749 1458 γέ-

68 1500 193 1548 νος,
215 1496 355 1535 ωστε
374 1475 516 1534 εἶναι
535 1482 739 1532 καλλίω
759 1481 901 1531 νοῦν
919 1470 1206 1547 ἡδονῆς,
1170 1496 1203 1545 ἡ
1227 1471 1586 1530 τούναντίον·
1574 1514 1589 1539 ,

208 1564 378 1616 Hm.
434 1553 547 1628 Ap’
581 1552 687 1615 οὖν
707 1558 987 1630 φρόνησιν
1004 1579 1107 1627 μεν
1125 1558 1215 1612 καὶ
1236 1562 1406 1624 νοῦν,
1446 1577 1490 1611 ω
1513 1554 1754 1623 Σώκρα-

69 1664 181 1712 τες,
219 1640 400 1706 οὐδεὶς
430 1640 649 1695 πώποτε
680 1638 815 1694 οὔθ’
847 1638 997 1709 ῦπαρ
1028 1637 1149 1695 οὔτ’
1189 1637 1328 1708 ὄναρ
1360 1636 1591 1708 αἰσχρὸν
1621 1635 1750 1691 οὔτε

68 1722 212 1780 εἶδεν
239 1722 365 1778 οὔτε
392 1723 696 1793 ἐπενόησεν
720 1718 937 1793 οὐδαμῃ
969 1718 1225 1792 οὐδαμῶς
1255 1718 1382 1776 οὔτε
1418 1718 1755 1791 γιγνόμενον

68 1805 196 1862 οὔτε
216 1803 349 1863 ὄντα
365 1803 490 1860 οὔτε
511 1805 802 1875 ἐσόμενον;

210 1893 335 1946 ΣΩ.
385 1885 611 1956 Ὀρθῶς.

206 1974 374 2027 ΠΡΩ.
422 1966 657 2035 Ἡδονάς
685 1972 750 2025 δέ
764 1972 830 2040 γέ
845 1989 954 2026 που
967 2011 980 2038 ,
1021 1970 1112 2025 καὶ
1131 1974 1303 2024 ταῦτα
1323 1964 1523 2038 σχεδὸν
1541 1987 1638 2029 τας
1657 1987 1755 2036 με·

66 2057 280 2124 γίστας,
318 2048 455 2107 ὅταν
483 2054 691 2150 ἴδωμεν
719 2049 997 2123 ἡδόμενον
1035 2048 1326 2119 ὁντινοῦν,
1364 2045 1401 2119 ἢ
1439 2048 1499 2104 τό
1536 2053 1756 2118 γελοῖον

68 2131 155 2191 ἐπ’
188 2131 378 2199 αὐταῖς
402 2130 438 2205 ἦ
466 2132 525 2190 τό
549 2134 777 2189 πάντων
795 2142 1077 2205 αἴσχιστον
1098 2132 1372 2202 ἑπόμενον
1391 2127 1631 2199 ὁρῶντες
1650 2126 1754 2184 αὐ·
1783 2154 1843 2200 66

69 2220 159 2272 τοί
181 2235 237 2270 τε
267 2216 645 2286 αἰσχυνόμεθα
675 2217 764 2271 καὶ
793 2213 1151 2285 ἀφανίζοντες
1181 2212 1502 2283 κρύπτομεν
1521 2209 1554 2266 6'
1573 2233 1624 2267 τι
1643 2210 1753 2281 μα’·

69 2305 252 2364 λιστα,
293 2297 450 2352 νυκτὶ
468 2315 648 2352 παντα
668 2295 733 2352 τοὶ
755 2302 979 2352 τοιαῦτα
999 2295 1271 2362 διδόντες,
1302 2315 1375 2359 ως
1394 2299 1514 2364 φῶς
1534 2290 1603 2349 οὐ
1623 2294 1754 2348 δέον

69 2400 209 2451 ορᾳν
227 2375 382 2433 αὐτοὶ.

211 2464 334 2516 ΣΩ.
393 2459 587 2532 Πάντῃ
608 2458 674 2531 δὴ
697 2460 919 2531 φήσεις,
945 2453 990 2515 ὦ
1014 2459 1343 2530 Πρώταρχε,
1373 2454 1486 2515 ὑπό
1507 2478 1564 2514 τε
1584 2454 1751 2527 ἄγγε’-

3 2536 19 2627 ζ
68 2548 184 2598 λων
213 2545 442 2612 πέμπων
473 2544 563 2596 καὶ
593 2547 835 2610 παροῦσι
865 2541 1112 2613 φράζων,
1153 2563 1227 2607 ως
1252 2538 1424 2614 ἡδονὴ
1448 2545 1626 2613 κτῆμα
1647 2537 1750 2595 οὐκ

1 2662 23 2694 ,-
68 2626 182 2678 ἔστι
202 2628 424 2691 πρῶτον
444 2619 570 2677 οὐδ’
591 2615 664 2676 αὖ
687 2621 975 2693 δεύτερον,
1013 2620 1150 2680 ἄλλα
1169 2642 1393 2692 πρωτον
1410 2623 1512 2694 μέν
1532 2640 1608 2693 πῃ
1629 2620 1753 2689 περὶ

0 2716 27 2762 :-
66 2702 271 2774 μέτρον
300 2704 386 2758 καὶ
419 2701 479 2758 τὸ
500 2706 723 2772 μέτριον
744 2704 833 2758 καὶ
853 2709 1099 2773 καίριον,
1134 2706 1223 2759 καὶ
1248 2724 1431 2759 παντα
1451 2698 1630 2758 ὁπόσα
1648 2719 1750 2771 χρη

2 2802 23 2836 0

0 2846 18 2890 ἵ

0 2912 35 3061 4

66 2789 293 2839 τοιαῦτα
314 2788 579 2854 νομίζειν,
605 2782 707 2854 τήν
726 2781 907 2839 ἀΐδιον
926 2789 1182 2856 εἰρῆσθαι
1202 2785 1392 2855 φύσιν.
