2028 3198
279 164 384 217 320
897 166 1072 213 HAA
1091 141 1379 215 ΤΩΝΟΣ
1903 177 1960 219 50

282 297 466 366 ὥσπερ
490 297 776 373 ἀνθρώπῳ
798 299 1203 371 συμβουλεύων
1223 297 1375 354 εἶπεν
1396 299 1476 355 ἰδὲ
1496 299 1721 370 σαυτόν,
1755 307 1870 365 πῶς
1887 297 1958 355 ἄν

282 378 632 452 ὑπελάβομεν
653 387 708 436 τί
723 393 1039 452 παραινεῖν;
1078 374 1185 451 ἆρα
1204 378 1324 451 οὐχὶ
1343 386 1420 446 εἰς
1437 388 1600 438 τοῦτο
1621 387 1858 455 βλέπειν,
1883 387 1960 445 εἰς

280 459 314 515 ὂ
331 463 552 535 βλέπων
571 459 599 516 ὁ
622 460 918 534 ὀφθαλμὸς
937 467 1161 534 ἔμελλεν
1181 462 1357 519 αὑτὸν
1375 467 1542 531 metm

421 550 535 601 AA.
592 552 797 616 Δῆλον.

423 633 543 684 ΣΩ.
593 626 908 698 Ἐννοῶμεν
945 627 1041 700 δή,
1097 633 1173 694 εἰς
1211 633 1266 684 τί
1298 632 1594 700 βλέποντες
1627 635 1740 686 τῶν
1777 628 1956 685 ὄντων

213 721 248 762 E
280 711 458 766 ἐκεῖνό
477 732 535 766 τε
555 709 775 782 ὁρῷμεν
794 709 907 781 ἅμα
927 706 1000 765 ὅέν
1020 712 1110 767 καὶ
1129 709 1274 783 ἡμᾶς
1292 709 1523 778 αὕτοῦς;

421 799 536 848 ΑΛ.
592 799 786 864 Δῆλον
814 793 912 864 δή,
954 786 998 848 ὦ
1016 794 1342 865 Σώκρατες,
1382 791 1468 849 ὅτι
1500 797 1575 860 εἰς
1605 793 1879 864 κάτοπτρά
1899 816 1954 849 τε

279 876 369 930 καὶ
387 873 454 929 τὰ
473 881 713 931 τοιαῦτα.

418 962 543 1012 ΣΩ.
597 953 810 1027 Ὀρθῶς
844 959 1032 1027 λέγεις.
1106 956 1322 1014 οὐκοῦν
1357 960 1447 1014 καὶ
1482 965 1561 1032 τῷ
1597 955 1875 1033 ὀφθαλμῷ
1911 950 1958 1030 ᾦ

278 1037 498 1112 ὁρῶμεν
519 1044 701 1095 ἔνεστί
711 1044 816 1095 *τι*
834 1047 945 1095 τῶν
963 1040 1258 1107 τοιοῦτων;

417 1128 535 1178 ΑΛ.
589 1122 756 1177 Πάνυ
773 1144 852 1193 γε.

417 1210 542 1260 ΣΩ.
599 1203 957 1276 Ἐννενόηκας
983 1199 1090 1260 οὖν
1120 1204 1204 1259 ὅτι
1234 1210 1334 1259 τοῦ
1363 1206 1733 1277 ἐμβλέποντος
1761 1210 1835 1270 εἰς
1853 1204 1954 1260 τὸν

165 1302 246 1349 133
280 1285 583 1358 ὀφθαλμὸν
612 1286 672 1342 τὸ
705 1287 1009 1358 πρόσωπον
1039 1289 1363 1358 ἐμφαίνεται
1390 1290 1451 1343 ἐν
1483 1295 1551 1360 τῇ
1579 1295 1679 1344 τοῦ
1697 1310 1953 1345 καταντι-

277 1370 386 1441 κρῦ
414 1371 540 1437 ὄψει
571 1370 754 1440 ὥσπερ
775 1374 836 1426 ἐν
865 1369 1154 1444 κατόπτρῳ
1170 1412 1184 1440 ,
1209 1367 1240 1424 ὂ
1261 1368 1327 1441 δὴ
1350 1371 1441 1426 καὶ
1459 1371 1635 1442 κόρην
1654 1377 1950 1442 καλοῦμεν,

277 1458 508 1510 εἴδωλον
528 1453 593 1510 ὅν
611 1475 661 1508 τι
681 1459 782 1509 τοῦ
802 1453 1196 1525 ἐμβλέποντος;

416 1543 531 1594 ΑΛ.
583 1534 791 1609 Ἀληθῆ
808 1542 998 1609 λέγεις.

413 1627 538 1678 ΣΩ.
596 1619 911 1692 Ὀφθαλμὸς
940 1621 1048 1690 ἄρα
1080 1617 1381 1690 ὀφθαλμὸν
1401 1620 1712 1691 θεώμενος,
1749 1620 1837 1674 καὶ
1859 1620 1948 1688 ἐμ-

275 1707 494 1774 βλέπων
515 1708 590 1769 εἰς
610 1710 772 1759 τοῦτο
795 1703 931 1774 ὅπερ
951 1705 1236 1775 βέλτιστον
1258 1700 1434 1758 αὐτοῦ
1453 1705 1543 1758 καὶ
1564 1693 1607 1776 ᾦ
1631 1699 1752 1773 ὁρᾷ,
1775 1699 1950 1764 οὕτως

277 1782 348 1840 ἂν
367 1783 538 1840 αὑτὸν
558 1789 680 1842 ἴδοι.

424 1873 541 1922 ΑΛ.
600 1872 874 1923 Φαί.νεται

420 1954 546 2005 ΣΩ.
599 1954 672 2005 Εί
688 1951 749 2004 δέ
766 1970 828 2019 γε
851 1953 925 2013 εἰς
949 1949 1083 2004 άλλο
1115 1956 1228 2003 τεόν
1253 1955 1355 2003 τοῦ
1374 1947 1688 2018 ἀνθρώπου
1707 1947 1940 2019 βλέποι’
1916 1949 1952 2019 η’

277 2054 329 2087 τι
346 2037 458 2087 τῶν
479 2030 687 2101 ὄντων,
721 2029 868 2101 πλὴν
897 2036 973 2096 εἰς
1003 2034 1179 2087 ἐκεῖνο
1203 2024 1247 2103 ᾧ
1268 2037 1429 2086 τοῦτο
1461 2031 1720 2102 τυγχάνει
1739 2029 1966 2102 ὅμοιον,

278 2113 380 2171 οὐκ
401 2114 592 2182 ὄψεται
612 2114 829 2170 εαυτόν.

192 2208 223 2247 Β
422 2203 535 2253 ΑΛ.
582 2194 791 2268 Ἀληθῆ
812 2197 996 2267 λέγεις.

415 2286 538 2336 ΣΩ.
608 2277 927 2350 Ὀφθαλμός
963 2277 1072 2349 ἄρα
1116 2284 1165 2335 εἰ
1207 2281 1389 2351 μέλλει
1425 2282 1563 2335 ἰδεῖν
1597 2277 1826 2348 ἑαυτόν,
1878 2283 1954 2343 είς

277 2361 579 2433 ὀφθαλμὸν
591 2359 741 2435 αὐτῷ
751 2362 1034 2433 βλεπτέον,
1051 2362 1256 2417 καὶτοῦ
1276 2361 1514 2432 ὄμματος
1525 2365 1600 2425 εἰς
1619 2362 1833 2415 ἐκεῖνον
1851 2359 1949 2415 τὸν

276 2445 467 2512 τόπον,
489 2446 550 2500 ἐν
588 2436 634 2518 ᾦ
662 2443 921 2514 τυγχάνει
952 2440 986 2514 ἡ
1020 2441 1322 2514 ὀφθαλμοῦ
1362 2440 1527 2513 ἀρετὴ
1568 2443 1951 2513 ἐγγιγνομένη·

279 2532 391 2582 ἔστι
412 2526 470 2583 δὲ
491 2524 655 2581 τοῦτό
676 2546 785 2580 που
805 2522 837 2596 ἡ
861 2524 1015 2593 ὅψις;

419 2613 529 2664 ΑΛ.
591 2605 797 2670 Οὕτως.

415 2698 540 2748 ΣΩ.
590 2684 696 2761 Αρ’
720 2683 850 2760 οὖν,
898 2713 940 2745 ω
964 2695 1089 2761 φίλε
1106 2689 1443 2762 Ἀλκιβιάδη,
1479 2693 1568 2747 καὶ
1590 2690 1734 2760 ψυχὴ
1758 2695 1807 2745 εἰ
1821 2694 1950 2761 μέλ-

276 2783 359 2831 λει
377 2798 491 2846 γνω
483 2774 698 2830 ’σεσθαι
719 2769 921 2843 αὑτήν,
947 2778 1023 2838 είς
1044 2771 1228 2845 ψυχὴν
1249 2771 1388 2846 αὐτῇ
1412 2775 1703 2845 βλεπτέον,
1735 2774 1824 2828 καὶ
1844 2772 1950 2843 μά-

276 2853 409 2912 λιστ’
442 2862 517 2921 εἰς
547 2864 746 2912 τοῦτον
768 2854 937 2927 αὐτῆς
957 2854 1055 2912 τὸν
1085 2857 1275 2927 τόπον,
1300 2859 1360 2911 ἐν
1391 2858 1432 2929 ςὸ
1466 2859 1767 2925 ἐγγίγνεται
1788 2852 1817 2925 ἡ
1842 2868 1943 2920 ψι
