2028 3198
676 119 1074 197 ΦΙΛΗΒΟΣ
1609 145 1711 199 127

22 282 112 336 καὶ
142 278 209 352 δὴ
240 282 332 338 καὶ
358 278 614 352 τάγαθὸν
638 277 793 335 τοῦτ’
827 278 963 336 αὐτὸ
997 278 1136 336 εἶναι
1173 279 1442 352 ξύμπασι,
1477 282 1569 337 καὶ
1605 282 1708 338 δύο

21 362 295 436 ὀνόματα,
339 360 563 435 άγαθὸν
589 363 680 417 καὶ
709 358 847 432 ἡδύ,
885 363 967 417 ἑνί
993 383 1100 417 τινι
1118 363 1210 418 καὶ
1229 363 1396 433 φύσει
1413 366 1513 436 μιᾷ
1529 364 1709 420 τούτω

21 446 211 516 ὀρθῶς
236 444 454 503 τεθέντ’
489 450 656 516 ἔχειν·
709 443 1014 515 Σωκράτης
1043 443 1103 499 δὲ
1132 445 1472 517 πρῶτονμὲν
1494 449 1612 502 *ἓν*
1637 447 1706 503 οὔ
1735 454 1770 495 B

22 546 158 600 φησι
176 526 327 584 τοῦτ’
352 526 519 597 εἶναι,
561 526 664 583 δύο
689 526 747 583 δὲ
777 526 1033 596 καθάπερ
1064 524 1130 581 τὰ
1151 524 1420 597 ὀνόματα,
1456 530 1548 584 καὶ
1567 529 1632 584 τό
1650 550 1707 585 τε

21 610 242 680 ἀγαθὸν
270 613 361 667 καὶ.
389 608 450 666 τὸ
474 607 583 680 ἡδὺ
601 608 878 679 διάφορον
908 606 1162 679 ἀλλήλων
1181 608 1357 677 φύσιν
1377 615 1545 681 ἔχειν,
1566 619 1707 683 μᾶλ-

22 699 122 747 λον
141 692 199 748 δὲ
219 694 452 763 μέτοχον
470 690 611 747 εἶναι
629 698 726 762 τῆς
742 698 844 746 τοῦ
861 690 1084 760 ἀγαθοῦ
1102 695 1295 760 μοίρας
1311 689 1413 762 τὴν
1430 694 1708 765 φρόνησιν

21 770 58 844 ἦ
75 771 179 843 τὴν
206 771 431 845 ἡδονήν.
473 772 542 829 οὐ
573 771 730 829 ταῦτ’
754 778 867 830 ἔστι
895 794 953 828 τε
972 773 1063 829 καὶ
1080 766 1152 843 ἦν
1171 771 1237 827 τοὶ
1266 771 1389 828 τότε
1418 776 1706 846 λεγόμενα,

22 850 66 910 ὦ
85 856 415 926 Πρωταρχε;
565 858 570 862 ’

157 943 330 994 ΠΡΩ.
381 939 620 1009 Σφόδρα
644 939 745 1008 μὲν
763 931 883 993 οὖν.

158 1026 281 1077 ΣΩ.
343 1019 574 1076 Οὐκοῦν
591 1022 683 1075 καὶ
701 1021 829 1075 τόδε
847 1020 970 1076 τότε
990 1020 1081 1075 καὶ
1100 1026 1209 1075 νῦν
1228 1017 1359 1092 ἡμῖν
1378 1016 1449 1075 ἂν
1468 1024 1707 1093 ξυνομο-·

18 1111 261 1174 λογοῖτο;

154 1191 325 1242 ΠΡΩ.
391 1191 441 1240 Τ
437 1184 466 1241 ὁ
489 1197 680 1250 ποῖον;

157 1274 281 1324 ΣΩ.
326 1269 441 1338 Τὴν
456 1268 712 1338 τάγαθοῦ
733 1270 1015 1338 διαφέρειν
1031 1266 1204 1337 φύσιν
1222 1272 1361 1343 τῷδε
1375 1275 1489 1325 τῶν
1502 1269 1703 1327 ἄλλων.

158 1355 331 1406 Ilm.
393 1355 542 1415 Τι’νι;

157 1437 281 1488 ΣΩ.
334 1425 419 1487 Ὦι
438 1437 634 1502 παρείη
654 1428 798 1486 τοῦτ’
821 1429 904 1486 ἀεὶ
927 1436 1041 1486 τῶν
1062 1430 1216 1497 ζώων
1239 1434 1329 1488 διὰ
1349 1438 1540 1500 τέλους
1561 1436 1707 1491 πάν-

15 1536 122 1580 τως
142 1516 233 1571 καὶ
255 1515 460 1585 πάντῃ,
500 1510 737 1584 μηδενὸς
757 1514 946 1584 ἑτέρου
964 1515 1095 1569 ποτὲ
1115 1519 1192 1570 ἔτι
1212 1519 1605 1590 προσδεῖσθαι,
1642 1518 1707 1576 τὸ

20 1597 77 1651 δὲ
98 1593 295 1651 ἰκανὸν
312 1595 648 1650 τελεώτατον
667 1600 831 1665 ἔχειν·
855 1593 956 1665 οὐχ
976 1593 1175 1661 οὕτωςς

158 1680 328 1733 ΠΡΩ.
386 1674 550 1731 Οὕτω
569 1676 672 1747 μὲν
690 1671 811 1732 οῦν.

156 1762 280 1813 ΣΩ.
340 1754 569 1812 Οὐκοῦν
594 1764 671 1831 τῷ
700 1757 847 1832 λόγῳ
868 1758 1240 1830 ἐπειράθημεν
1260 1761 1423 1830 χωρὶς
1442 1760 1702 1830 ἑκάτερον

18 1840 280 1909 ἑκατέρου
298 1840 492 1904 θέντες
512 1844 588 1904 εἰς
614 1838 714 1895 τὸν
741 1846 866 1911 βίον
887 1841 1158 1911 ἑκάστων,
1199 1841 1431 1912 ἄμικτον
1449 1843 1551 1914 μὲν
1567 1841 1703 1916 ἡδο-

19 1918 124 1990 νὴν
143 1918 428 1990 φρονήσει,
449 1921 728 1991 φρόνησιν
749 1921 806 1978 δὲ
830 1920 1091 1988 ὡσαύτως
1110 1920 1317 1995 ἡδονῆς
1335 1925 1473 1997 μηδὲ
1494 1923 1555 1981 τὸ
1576 1942 1702 1996 σμι-

18 2000 291 2071 κρότατον
309 2003 573 2070 ἔχουσαν;

153 2086 325 2138 ΠΡΩ.
375 2075 476 2138 Ἦν
495 2089 684 2139 ταῦτα.

153 2167 275 2218 ΣΩ.
340 2169 491 2219 Μῶν
526 2158 632 2220 οὖν
666 2163 799 2238 ἡμῖν
837 2165 1025 2223 αὐτῶν
1061 2168 1183 2224 τότε
1227 2166 1465 2236 πότερον
1506 2164 1703 2223 ἰκανὸν
1733 2179 1770 2221 D

14 2245 202 2309 ἔδοξεν
222 2242 366 2300 εἷναί
382 2266 487 2318 τω;

156 2330 326 2381 ΠΡΩ.
384 2329 492 2384 Καὶ
512 2334 656 2394 πῶςς
1798 2388 1804 2394 .

154 2411 406 2463 xxxvn.
475 2414 598 2465 ΣΩ.
656 2414 727 2464 Εἰ
752 2413 814 2464 δέ
830 2431 890 2479 γε
910 2412 1336 2484 παρηνέχθημέν
1355 2434 1407 2469 τι
1424 2412 1574 2482 τότε,
1597 2418 1706 2468 νῦν

12 2485 279 2543 ὁστισοῦν
324 2488 690 2561 ἐπαναλαβών
727 2489 1036 2560 ὀρθότερον
1072 2493 1302 2566 εἰπάτω,
1353 2494 1576 2567 μνήμην
1613 2495 1705 2550 καὶ

13 2568 291 2641 φρόνησιν
310 2571 399 2626 καὶ
420 2571 725 2643 ἐπιστήμην
744 2574 834 2629 καὶ
863 2571 1048 2651 ἀληθῆ
1067 2574 1236 2642 δόξαν
1253 2583 1348 2648 τῆς
1366 2574 1536 2649 αὐτῆς
1556 2579 1703 2641 ἰδέας

12 2652 333 2722 τιθέμενος,
372 2654 462 2707 καὶ
492 2658 720 2708 σκοπῶν
750 2661 805 2710 εἴ
826 2676 905 2720 τις
936 2654 1075 2712 ἄνευ
1101 2656 1319 2713 τούτων
1338 2655 1538 2724 δέξαιτ’
1560 2654 1631 2711 ἄν
1649 2657 1706 2712 οἰ

10 2732 107 2787 καὶ
126 2728 320 2788 ὁτιοῦν
340 2731 476 2789 εἷναι
497 2730 532 2805 ἢ
550 2739 859 2808 γίγνεσθαι,
879 2735 952 2811 μὴ
972 2736 1055 2794 ὅτι
1077 2738 1146 2810 δή
1163 2761 1226 2809 γε
1244 2738 1472 2811 ἡδονήν,
1494 2737 1607 2797 εἴθ’
1630 2733 1703 2803 ὡς

0 2818 273 2884 ,πλείστην
301 2814 415 2873 εἶθ’
440 2812 511 2881 ὡς
542 2818 957 2891 σφοδροτάτην,
994 2817 1067 2891 ἣν
1089 2819 1224 2891 μήτε
1244 2819 1470 2892 ἀληθῶς
1489 2819 1705 2887 δοξάζοι
