2028 3198
703 64 1115 164 ΦΙΛΗΒοΣ
1179 85 1183 93 ’
1240 71 1242 74 ’
1641 101 1743 156 117

203 256 334 310 ΣΩ.
384 249 627 307 Παιδικιὶ
657 269 768 304 που
796 244 937 302 καλὰ
964 245 1056 301 καὶ
1092 239 1280 315 ἀγαθοὶ
1315 238 1744 311 τεθεωρήκαμεν

61 335 176 407 ἅμα
195 336 287 390 καὶ
304 329 537 402 ἐραστὰς
557 328 845 398 ἀνδρείους
867 325 1068 382 αὐτῶν.

199 419 372 470 ΠΡΩ.
426 412 666 483 Σφόδρα
683 432 761 480 γε.

199 500 324 551 ΣΩ.
386 493 615 557 Τούτοις
641 496 837 546 τοίνυν
863 488 1079 546 ἐοικότα
1111 490 1269 542 δυοῖν
1308 479 1436 541 οὖσι
1474 481 1563 540 δύ’
1604 481 1745 538 ἄλλα

60 577 200 646 ζήτει
219 573 356 631 κατὰ
376 572 558 629 πάντα
577 571 680 627 ὅσα
701 573 932 640 λέγομεν
950 568 1089 625 εἶναι
1108 565 1168 623 τὸ
1189 572 1375 636 τρίτον
1395 567 1575 639 ἑτέρῳ.

200 673 371 724 Ilpa.
427 669 567 738 Λέγε
589 667 958 736 σαφέστερον,
981 657 1024 718 ὦ
1045 661 1365 730 Σώκρατες,
1387 659 1419 715 ὅ
1439 682 1490 715 τι
1510 660 1696 730 λέγεις.

204 767 328 817 Σ.Ω.
387 758 571 816 Οὐδέν
589 781 642 814 τι
661 762 938 826 ποικίλον,
970 779 1011 811 ω
994 750 1363 825 Πρώταρχε·
1386 750 1508 808 ἀλλ’
1533 751 1561 808 ὁ
1584 752 1748 822 λόγος

61 847 346 913 ἐρεσχηλεῖ
367 863 511 915 νων,
549 843 693 910 λέγει
723 837 775 894 δ’
808 837 892 893 ὅτι
923 836 982 893 τὸ
1014 837 1115 908 μεν
1134 835 1295 891 ἕνεκα
1314 856 1416 891 του
1435 841 1548 890 τῶν
1567 833 1748 890 ὄντων

60 922 171 979 ἔστ’
197 922 307 991 ἀεί,
338 921 399 977 τό
422 919 474 976 δ’
509 913 579 976 οὗ
598 921 758 991 χάριν
777 920 1033 976 ἑκάστοτε
1052 917 1113 974 τὸ
1134 917 1284 982 τινὸς
1305 919 1468 972 ε’νεκα
1486 915 1749 987 γιγνόμε-

57 1026 161 1061 νον
181 1003 263 1059 ἀεὶ
281 1010 540 1074 γίγνεται.

197 1102 367 1152 ΠΡῼ.
424 1098 610 1166 Μόγις
629 1101 843 1167 ἔμαθον
863 1093 951 1150 δια
972 1095 1032 1150 τὸ
1055 1095 1317 1158 πολλάκις
1337 1099 1618 1164 λεχθῆναι.

202 1196 327 1246 ΣΩ.
402 1190 550 1260 Τάχα
588 1188 639 1245 δ’
680 1198 838 1259 ἴσως,
878 1184 924 1245 ὦ
962 1201 1085 1258 παῖ,
1123 1195 1336 1260 μᾶλλον
1371 1185 1747 1258 μαθησόμεθα

62 1272 439 1341 προελθόντος
459 1278 561 1326 τοῦ
579 1270 764 1341 λόγου.

200 1356 368 1407 ΠΡΩ.
430 1350 618 1421 Τι’γάρ
639 1350 734 1417 οὕ;

202 1438 324 1488 ΣΩ.
382 1431 504 1487 Δύο
527 1430 593 1503 δὴ
616 1432 746 1487 τάδε
771 1433 929 1498 ἕτερα
950 1433 1217 1504 λάβωμεν.

201 1519 369 1570 ΠΡΩ.
431 1520 599 1579 Ποῖα;

200 1601 325 1651 Σῼ.
367 1592 464 1650 Ἕν
482 1597 585 1666 μέν
604 1618 655 1651 τι
675 1597 893 1665 γένεσιν
913 1595 1138 1650 πάντων
1151 1636 1166 1664 ,
1203 1596 1306 1667 τὴν
1337 1597 1396 1651 δὲ
1415 1592 1614 1651 οὐσίαν
1631 1595 1749 1651 ἕτε-

59 1697 161 1744 ρον
181 1677 259 1732 ἓν.

200 1763 370 1813 ΠΡΩ.
427 1758 552 1813 Δύο
583 1756 924 1828 ἀποδέχομαί
947 1775 1051 1814 σου
1079 1765 1279 1829 ταῦτα,
1310 1757 1509 1814 οὐσίαν
1536 1759 1628 1814 καὶ
1655 1761 1748 1829 γε’-

62 1855 230 1894 νεσιν.

202 1924 327 1974 ΣΩ.
377 1918 692 1990 Ὀρθότατα.
726 1921 963 1991 πότερον
999 1915 1106 1977 οὖν
1136 1922 1352 1977 τούτων
1388 1922 1548 1977 ἕνεκα
1585 1924 1748 1978 ποτέ-

3 2048 8 2050 .
58 2020 188 2069 ρον,
227 1999 329 2071 τήν
356 2004 575 2071 γένεσιν
607 2000 797 2068 οὐσίας
815 2004 977 2059 ἕνεκα
996 2010 1191 2075 φῶμεν
1209 2000 1247 2075 ἢ
1266 2001 1370 2075 τὴν
1389 2001 1589 2059 οὐσίαν
1607 2002 1747 2060 εἶναι

0 2653 14 2685 Ι

0 2735 29 2821 ξ.

0 2827 28 2893 r

0 2967 36 3198 i

58 2084 323 2151 γενέσεως
339 2082 499 2138 ἕνεκα
515 2106 530 2150 ;

198 2178 368 2229 ΠΡΩ.
424 2181 602 2232 Τοῦτο
641 2175 674 2232 ὃ
712 2178 1183 2249 προσαγορεύεται
1212 2175 1373 2234 οὐσία
1405 2182 1455 2234 εἰ
1480 2182 1746 2249 γενέσεως

60 2255 222 2310 ἕνεκα
242 2254 393 2310 τοῦτ’
416 2260 565 2313 ἔστιν
584 2258 721 2330 ὅπερ
741 2264 875 2329 ἐστί,
897 2267 1005 2315 νῦν
1027 2261 1334 2325 πυνθάνεις

198 2340 321 2391 ΣΩ.
377 2342 664 2410 Φαίνομαι.

198 2423 367 2473 ΠΡΩ.
419 2417 571 2489 Πρὸς
590 2429 745 2476 θεῶν
763 2416 855 2491 ἆρ’
880 2420 951 2478 ἄν
970 2423 1362 2499 ἐπανερωτῴης
1379 2446 1475 2495 με;

201 2516 323 2566 ΣΩ.
402 2513 629 2568 Τοιόνδε
665 2536 716 2569 τι
753 2517 921 2586 λέγω,
960 2510 1004 2571 ὦ
1040 2517 1346 2590 Πρώταρχε(
1378 2541 1496 2591 μοι,
1536 2519 1742 2590 πότερα

0 2601 19 2641 v
53 2601 266 2649 πλοίων
294 2599 609 2664 ναυπηγίαν
636 2596 796 2651 ἕνεκα
827 2596 937 2671 φῂς
962 2604 1253 2670 γίγνεσθαι
1281 2606 1495 2672 μᾶλλον
1523 2599 1560 2673 ἦ
1578 2609 1740 2659 πλοῖα

54 2675 218 2729 ἕνεκα
251 2682 581 2746 ναυπηγίας,
620 2677 710 2733 καὶ
749 2676 923 2736 πάνθ’
966 2678 1145 2738 ὁπόσα
1182 2679 1388 2738 τοιαῦτ’
1422 2685 1559 2753 ἐστί,
1598 2685 1739 2754 λέγω

53 2753 203 2811 τοῦτ’
227 2754 395 2826 αὐτό,
418 2750 796 2829 ὦΠρτόταρχε.

1776 573 1809 614 E

1774 1282 1832 1326 54

1774 2447 1805 2488 B
