2028 3198
284 158 389 211 362
857 162 908 207 Α
921 161 978 209 Ν
993 161 1089 207 ΤΕ
1098 161 1195 207 ΡΛ
1205 163 1255 208 Σ
1266 163 1353 208 TA
1366 163 1408 209 Ι.
1914 171 1971 214 92

283 299 455 349 ταῦτα
469 335 484 363 ,
516 289 552 346 ὁὶ
571 289 835 389 προσήκει
853 303 965 356 τοῖς
986 294 1301 363 ἐλευθέροις
1319 301 1548 365 μαθεῖν,
1579 294 1684 352 ὅσα
1705 300 1972 363 ξυνέσεως

285 381 484 444 ἔχεται,
516 371 589 444 μὴ
610 371 715 428 ὅσα
736 378 1095 443 χειρουργίας.
1161 367 1276 444 Αρ’
1300 369 1406 431 οὖν
1425 374 1572 431 οὕτω
1592 379 1790 450 λέγεις,
1829 384 1970 450 ἔφην

282 454 416 526 έγῶ,
450 453 636 525 ῶσπερ
655 457 715 509 έν
734 459 800 526 τῇ
820 462 1135 527 τεκτονικῇ·
1121 496 1137 523 ,
1167 458 1258 513 καὶ
1275 455 1382 527 γὰρ
1403 460 1518 514 ἐκεῖ
1529 462 1756 516 τέκτονα
1772 461 1874 532 μὲν
1896 458 1970 517 ἂν

246 557 253 591 τ.
284 543 470 608 πρίαιο
501 538 663 592 πέντε
691 531 728 606 ἦ
762 538 816 602 ἓξ
850 542 1008 607 μνῶν
1035 536 1237 609 ἄκρον,
1275 537 1629 610 ἀρχιτέκτονα
1661 542 1720 598 δὲ
1750 541 1875 598 οὐδ’
1897 540 1968 599 ἄν

285 623 501 690 μυρίων
532 622 818 688 δραχμῶν·
860 616 1038 689 ὀλίγοι
1058 641 1120 689 γε
1139 618 1253 691 μὴν
1272 623 1362 677 καὶ
1379 623 1442 677 ἐν
1459 629 1595 679 πᾶσι
1612 635 1723 689 τοῖς
1744 623 1966 697 Ἐλλησι

284 705 581 771 γίγνοιντο.
620 694 729 768 ἆρα
759 697 832 771 μὴ
863 705 1120 756 τοιοῦτον
1147 703 1346 771 λέγεις;
1385 705 1478 759 καὶ
1506 701 1566 770 ὃς
1594 703 1837 772 ἀκούσας
1857 729 1966 778 μου

285 781 582 852 ξυνεχῶρει
600 782 692 836 καὶ
711 779 878 846 αὐτὸς
898 787 1077 852 λέγειν
1095 790 1364 839 τοιοῦτον.

425 870 511 920 1V.
580 861 822 933 Ἠρόμην
844 860 894 917 δ’
919 861 1120 926 αὐτόν,
1151 870 1201 920 εἰ
1216 863 1320 921 οὐκ
1338 863 1617 923 ἀδύνατον
1637 875 1717 940 εἴη
1740 869 1841 924 δύο
1862 869 1967 940 μό-

284 969 384 1011 νας
403 948 593 1016 τέχνας
613 943 760 1000 οὕτω
780 954 984 1015 μαθεῖν
1003 945 1100 1001 τὸν
1120 944 1312 1017 αὐτόν,
1334 946 1406 1018 μὴ
1428 945 1511 1004 ὅτι
1531 948 1738 1015 πολλὰς
1757 953 1847 1007 καὶ
1866 973 1965 1022 με·-

281 1028 476 1099 γάλας·
500 1023 528 1082 ὁ
552 1027 628 1097 δέ,
653 1024 753 1097 Μὴ
776 1024 951 1091 οὕτως
970 1049 1095 1098 μου,
1118 1032 1240 1099 ἔφη,
1262 1028 1562 1103 ὑπολάβῃς,
1587 1025 1630 1086 ῶ
1652 1032 1963 1104 Σώκρατες,

283 1107 356 1174 ῶς
394 1111 675 1179 λέγοντος,
714 1106 798 1162 ὅτι
833 1111 919 1163 δεῖ
943 1109 1180 1180 ἑκάστην
1208 1117 1322 1165 τῶν
1350 1117 1558 1181 τεχνῶν
1597 1109 1698 1167 τὸν
1735 1121 1967 1183 φιλοσο-

281 1196 499 1292 φοῦντα
520 1192 846 1243 ἐπίστασθαι
866 1186 1123 1260 ἀκριβῶς,
1146 1189 1331 1260 ῶσπερ
1351 1190 1521 1248 αὐτὸν
1538 1191 1638 1248 τὸν
1657 1192 1758 1264 τὴν
1772 1196 1967 1265 τέχνην

282 1276 504 1342 ἔχοντα,
536 1268 656 1326 αλλ’
691 1269 762 1335 ῶς
793 1268 940 1335 εἰκὸς
962 1270 1140 1343 ἄνδρα
1160 1273 1464 1344 ἐλεύθερόν
1482 1295 1538 1329 τε
1558 1276 1648 1329 καὶ
1667 1280 1964 1332 πεπαιδευ-

281 1354 480 1423 μένον,
520 1356 976 1424 ἐπακολουθῆσαί
1001 1375 1059 1408 τε
1088 1365 1201 1419 τοῖς
1219 1358 1533 1427 λεγομένοις
1551 1355 1660 1413 ὑπὸ
1683 1365 1783 1413 τοῦ
1802 1362 1966 1430 δημι-

283 1441 496 1504 ουργοῦ
516 1429 640 1489 οἷόν
658 1432 705 1488 τ’
733 1433 872 1490 εἶναι
892 1437 1269 1506 διαφερόντως
1285 1445 1399 1493 τῶν
1417 1439 1727 1510 παρόντων,
1748 1443 1839 1496 καὶ
1859 1438 1965 1495 αὐ-

279 1513 381 1570 τὸν
400 1515 813 1586 ξυμβαλλεσθαι
828 1516 1072 1622 γνώμην,
1095 1516 1233 1574 ῶστε
1251 1522 1435 1574 δοκεῖν
1453 1523 1805 1590 χαριέστατον
1825 1520 1964 1577 εἶναι

278 1599 370 1654 καὶ
389 1598 714 1668 σοφώτατον
733 1605 845 1654 τῶν
863 1598 945 1654 ἀεὶ
962 1600 1255 1670 παρόντων
1274 1605 1334 1655 ἐν
1349 1614 1460 1667 τοῖς
1476 1606 1786 1673 λεγομένοις
1802 1624 1859 1658 τε
1874 1606 1964 1659 καὶ

281 1682 676 1750 πραττομένοις
694 1683 818 1751 περι
838 1703 933 1746 τας
952 1685 1156 1752 τέχνας.
1179 1681 1360 1753 κᾶγῶ,
1394 1689 1472 1739 ἔτι
1488 1682 1594 1753 γὰρ
1616 1682 1790 1739 αὐτοῦ
1807 1683 1959 1755 ἠμφ-

282 1762 517 1832 εγνόουν
536 1762 636 1818 τὸν
653 1762 866 1832 λόγον
845 1763 876 1819 ό
895 1786 945 1818 τι
964 1764 1239 1835 ἐβούλετο,
1268 1759 1381 1833 Ἆρ’
1405 1768 1608 1837 ἐννοῶ,
1650 1770 1818 1837 ἔφην,
1840 1761 1961 1821 οἶον

221 1856 254 1895 Ε
284 1848 457 1913 λέγεις
486 1842 586 1899 τὸν
618 1845 934 1915 φιλόσοφον
962 1845 1166 1916 ἄνδρας
1210 1851 1388 1911 δοκεῖς
1407 1869 1513 1918 γαρ
1534 1869 1627 1918 μοι
1644 1851 1824 1918 λέγειν
1843 1842 1963 1903 οἷον

280 1927 343 1980 ἐν
359 1929 425 1996 τῇ
448 1922 658 1997 ἀγωνίᾳ
679 1928 817 1980 εἰσὶν
837 1930 892 1981 oc
908 1931 1209 1983 πένταθλοι
1225 1927 1363 1998 πρὸς
1378 1930 1507 1992 τούς
1524 1933 1759 1999 δρομέας
1776 1926 1812 1999 ἦ
1833 1927 1963 1994 τοὺς

283 2006 600 2070 παλαιστάς.
625 2008 716 2061 καὶ
737 2006 844 2077 γὰρ
866 2009 1067 2063 ἐκεῖνοι
1086 2009 1300 2064 τούτων
1319 2012 1421 2079 μὲν
1440 2016 1719 2064 λείπονται
1737 2010 1874 2065 κατα
1893 2009 1958 2063 τὰ

278 2087 494 2142 τούτων
525 2081 674 2143 ἆθλα
701 2089 791 2143 καὶ
812 2089 1065 2157 δεύτεροί
1081 2095 1183 2145 εἰσι
1202 2089 1339 2158 πρὸς
1362 2090 1618 2158 τούτους,
1649 2097 1762 2145 τῶν
1782 2090 1839 2146 δὲ
1859 2090 1960 2146 ἅλ-

279 2176 395 2224 λων
424 2167 686 2240 ἀθλητῶν
714 2177 920 2238 πρῶτοι
952 2172 1044 2226 καὶ
1073 2179 1302 2226 νικῶσιν
1332 2170 1550 2236 αὐτούς.
1588 2170 1704 2242 τάχ’
1740 2168 1811 2227 ἂν
1830 2180 1959 2237 ἴσως

276 2251 532 2306 τοιοῦτόν
560 2274 612 2306 τι
640 2254 817 2322 λέγοις
847 2254 937 2307 καὶ
968 2250 1029 2307 τὸ
1063 2262 1389 2325 φιλοσοφεῖν
1408 2252 1811 2324 ἀπεργάζεσθαι
1830 2252 1962 2318 τοὺς

279 2333 704 2403 ἐπιτηδεύοντας
740 2341 904 2389 τοῦτο
943 2332 1004 2389 τὸ
1039 2336 1374 2406 ἐπιτήδευμα
1390 2357 1401 2367 ·
1438 2342 1551 2390 τῶν
1586 2336 1688 2406 μὲν
1725 2335 1959 2406 πρῶτων
2019 2331 2028 2380 -Ϊ

162 2425 246 2470 136
276 2418 352 2477 εἰς
372 2414 597 2478 ξύνεσιν
615 2418 739 2483 περὶ
758 2416 855 2480 τὰς
873 2420 1063 2486 τέχνας
1092 2419 1469 2487 ἐλλείπεσθαι,
1508 2415 1575 2472 τὰ
1604 2421 1881 2486 δευτερεῖα
1902 2416 1955 2471 δ’

277 2498 499 2564 ἔχοντας
528 2503 641 2550 τῶν
666 2496 852 2552 ἄλλων
881 2510 1175 2568 περιεῖναι,
1220 2500 1311 2555 καὶ
1331 2497 1508 2563 οὕτως
1526 2504 1817 2569 γίγνεσθαι
1835 2500 1957 2568 περὶ

277 2574 458 2628 πάντα
476 2574 734 2647 ὕπακρόν
765 2599 888 2631 τινα
918 2576 1098 2648 ἄνδρα
1118 2577 1218 2633 τὸν
1238 2579 1747 2650 πεφιλοσοφηκότα·
1769 2585 1957 2634 τοιοῦ-

275 2655 376 2710 τόν
395 2678 517 2711 τινα
538 2679 629 2727 μοι
652 2661 829 2723 δοκεῖς
849 2663 1254 2715 ἐνδείκνυσθαι.
1328 2666 1526 2725 Καλῶς
1543 2662 1609 2730 γέ
1624 2681 1742 2730 μοι,
1766 2661 1954 2728 ἔφη,ώ
2023 2717 2028 2723 Δ

274 2735 572 2807 Σώκρατες
583 2781 598 2808 ,
634 2747 820 2809 φαίνει
838 2738 1255 2812 υπολαμβανειν
1273 2743 1339 2796 τὰ
1360 2744 1483 2811 περὶ
1500 2747 1603 2797 τοῦ
1620 2740 1952 2811 φιλοσόφου,

274 2814 472 2873 οἷπεικοέ
477 2836 575 2884 σας
591 2819 763 2875 αὐτὸν
773 2827 852 2892 τῷ
866 2822 1177 2898 πεντάθλῳ.
1211 2827 1324 2877 ἔστι
1338 2822 1445 2894 γὰρ
1460 2821 1696 2891 ἀτεχνῶς
1708 2826 1954 2885 τοιοῦτος
