2028 3198
263 107 366 158 242
875 98 1354 156 ΠΛΑΤΩΝΟΣ
1469 136 1472 139 -
1861 117 1945 161 104

406 247 533 297 XLI.
609 247 759 296 ΦΑΙ.
810 240 1030 311 Ἔχουσι
1058 240 1117 296 δὲ
1147 239 1215 310 δὴ
1247 245 1303 295 τί
1325 238 1518 307 τοῦτο;
1553 239 1792 313 ἀνήκοος
1821 243 1944 312 γάρ,

268 345 340 388 ως
360 329 527 391 ἔοικε,
551 323 806 393 τυγχάνω
830 322 924 378 ῶν.

405 410 528 460 ΣΩ.
588 403 673 460 Οὐ
704 404 803 476 μὲν
835 404 902 475 δὴ
936 407 1129 472 πρέπει
1159 427 1221 476 γε
1252 405 1598 477 φιλόμουσον
1628 403 1807 474 ἄνδρα
1835 411 1948 459 τῶν

263 487 534 542 τοιούτων
561 484 806 557 ἀνήκοον
834 485 998 541 εἶναι·
1038 487 1250 555 λέγεται
1279 484 1332 542 δ’
1367 484 1440 551 ῶς
1467 483 1592 542 ποτ’
1620 479 1766 556 ἦσαν
1794 477 1948 540 οὗτοι

264 569 559 639 ἄνθρωποι
593 575 707 624 τῶν
744 570 876 637 πρὶν
902 568 1143 632 Μούσας
1177 572 1494 637 γεγονέναι,
1533 571 1852 638 γενομένων
1888 567 1947 621 δὲ

263 658 520 707 Μουσῶν
548 653 640 707 καὶ
670 655 935 721 φανείσης
967 647 1112 723 ῶδῆς
1160 647 1337 714 οὕτως
1365 648 1473 718 α’ρα
1513 671 1656 714 τινες
1683 655 1796 704 τῶν
1825 648 1948 704 τότε

209 740 239 783 C
268 731 640 804 ἐξεπλάγησαν
669 731 749 803 ὑφ
760 730 1036 804 ’ἡδονῆς,
1078 729 1216 786 ὥστε
1237 730 1464 806 ἅδοντες
1480 730 1760 803 ἠμέλησαν
1781 736 1947 786 σίτων

263 838 322 871 τε
349 818 441 871 καὶ
472 822 684 886 ποτῶν,
724 816 814 870 καὶ
845 820 1055 870 ἔλαθον
1082 814 1506 884 τελευτήσαντες
1524 811 1752 878 αὐτούς·
1793 815 1847 878 ἐξ
1869 805 1949 867 ῶν

264 898 326 954 τὸ
355 904 615 968 τεττίγων
643 901 802 967 γένος
831 895 950 967 μετ’
970 899 1147 952 ἐκεῖνο
1168 897 1393 967 φύεται,
1431 898 1596 966 γέρας
1613 903 1776 951 τοῦτο
1798 892 1947 963 παρὰ

264 987 522 1038 Μουσῶν
553 980 754 1051 λαβόν,
793 981 966 1050 μηδὲν
985 985 1193 1050 τροφῆς
1213 982 1431 1034 δεῖσθαι
1447 978 1779 1049 γενόμενον,
1820 973 1942 1032 ἀλλ’

269 1063 463 1118 ἄσιτόν
482 1084 540 1117 τε
560 1063 649 1117 καὶ
670 1061 881 1116 ἄποτον
900 1059 1075 1125 εὐθὺς
1094 1060 1275 1134 ᾄδειν,
1297 1061 1398 1124 ἕως
1419 1055 1490 1115 ἂν
1509 1060 1806 1131 τελευτήσῃ
1819 1102 1834 1127 ,
1855 1061 1943 1114 καὶ

267 1143 399 1216 μετὰ
418 1151 590 1199 ταῦτα
608 1142 781 1199 ἐλθὸν
798 1143 946 1212 παρὰ
956 1143 1194 1207 Μούσας
1213 1143 1592 1212 ἀπαγγέλλειν,
1611 1148 1691 1206 τίς
1705 1147 1827 1196 τίνα
1844 1139 1946 1195 αὐ-

266 1233 378 1284 τῶν
397 1233 528 1300 τιμᾷ
545 1232 657 1282 τῶν
675 1225 894 1281 ἐνθάδε.
938 1225 1245 1297 Τερψιχόρᾳ
1265 1227 1365 1296 μὲν
1385 1219 1489 1279 οὖν
1505 1222 1636 1288 τοὺς
1655 1226 1716 1279 ἐν
1729 1234 1842 1287 τοῖς
1855 1244 1940 1293 χοα
2025 1295 2028 1298 Α

268 1323 382 1382 ροῖς
410 1308 758 1380 τετιμηκότας
788 1306 963 1379 αὐτὴν
991 1306 1425 1378 ἀπαγγέλλοντες
1459 1311 1678 1361 ποιοῦσι
1707 1323 1944 1376 προσφι-

201 1405 234 1444 D
268 1395 584 1462 λεστέρους,
622 1399 689 1464 τῇ
710 1393 767 1448 δὲ
793 1389 1009 1460 Ἐρατοῖ
1023 1389 1153 1455 τούς
1172 1392 1232 1445 έν
1249 1399 1362 1453 τοῖς
1380 1391 1683 1459 ἐρωτικοῖς,
1723 1390 1814 1444 καὶ
1832 1399 1947 1452 ταῖς

267 1474 456 1539 ἄλλαις
475 1471 622 1529 οὕτω
636 1515 650 1542 ,
672 1472 810 1529 κατὰ
830 1474 889 1528 τὸ
912 1473 1054 1538 εἶδος
1073 1473 1298 1542 ἑκάστης
1316 1476 1473 1541 τιμῆς
1489 1491 1499 1502 ·
1539 1476 1604 1542 τῇ
1626 1470 1684 1526 δὲ
1703 1476 1949 1540 πρεσβυ-

267 1557 399 1628 τάτη
417 1555 709 1627 Καλλιόπῃ
737 1557 827 1611 καὶ
856 1563 923 1628 τῇ
951 1553 1067 1626 μετ’
1091 1554 1267 1625 αὐτὴν
1290 1552 1541 1626 Οὐρανία
1560 1551 1690 1618 τοὺς
1709 1556 1768 1608 ἐν
1787 1560 1950 1623 φιλο-

269 1645 438 1712 σοφία
469 1638 762 1708 διάγοντας
789 1660 846 1694 τε
875 1641 966 1694 καὶ
991 1645 1260 1709 τιμῶντας
1290 1637 1392 1706 τὴν
1421 1639 1645 1691 ἐκείνων
1676 1633 1951 1706 μουσικὴν
2025 1662 2028 1665 ⁴

269 1720 660 1792 ἀγγέλλουσιν,
700 1727 761 1777 αἳ
786 1722 851 1793 δὴ
884 1721 1116 1793 μάλιστα
1143 1725 1256 1775 τῶν
1278 1725 1529 1775 Μουσῶν
1559 1722 1689 1788 περί
1701 1738 1758 1773 τε
1778 1715 1948 1788 οὐρα-

270 1802 376 1858 νὸν
390 1806 480 1859 καὶ
496 1805 697 1873 λόγους
712 1798 876 1859 οὖσαι
891 1809 1082 1868 θείους
1097 1825 1154 1858 τε
1169 1804 1260 1858 καὶ
1276 1800 1669 1873 ἀνθρωπίνους
1689 1804 1802 1856 ἰᾶσι
1817 1806 1952 1855 καλ-

271 1891 463 1955 λίστην
494 1885 708 1955 φωνήν.
765 1892 988 1941 πολλῶν
1017 1883 1082 1954 δη
1117 1878 1221 1939 οὖν
1247 1886 1436 1939 ἕνεκεν
1466 1885 1689 1938 λεκτέον
1706 1905 1756 1937 τι
1773 1883 1864 1938 καὶ
1883 1878 1952 1935 οὐ

272 1970 695 2038 καθευδητέον’
670 1988 741 2022 εν
747 1974 814 2039 τῇ
834 1971 1156 2037 μεσημβρία.

415 2056 566 2106 ΦΑΙ.
622 2053 864 2106 Λεκτέον
881 2069 987 2118 γαρ
1009 2050 1128 2103 οὐν.

210 2148 241 2186 E
412 2139 562 2189 XLII
639 2137 799 2188 2:52st
825 2129 1079 2200 Οὐκοῦν,
1123 2129 1260 2200 ὅπερ
1290 2135 1398 2184 νῦν
1427 2125 1793 2199 προύθέμεθα
1824 2128 1952 2180 σκέ-

271 2224 512 2287 ψασθαι,
552 2213 651 2271 τὸν
683 2214 851 2284 λόγον
880 2212 989 2287 ὅπῃ
1013 2219 1192 2278 καλῶς
1209 2217 1315 2284 ἔχει
1334 2216 1511 2282 λέγειν
1529 2232 1586 2266 τε
1606 2211 1696 2265 καὶ
1714 2209 1953 2279 γράφειν

270 2301 360 2353 καὶ
380 2297 489 2370 ὅπῃ
507 2298 582 2368 μή
596 2341 610 2366 ,
633 2302 910 2353 σκεπτέον.

415 2387 566 2436 ΦΑΙ.
590 2387 826 2481 *Δῆλον
2020 2425 2028 2453 ς

412 2467 538 2516 ΣΩ.
590 2456 706 2532 Ἆρ’
739 2484 843 2517 ουν
863 2461 962 2533 οὐχ
983 2459 1249 2531 ὑπαρχειν
1268 2465 1355 2515 δεῖ
1366 2472 1478 2524 τοῖς
1498 2453 1563 2515 εὖ
1581 2480 1642 2529 γε
1660 2458 1752 2514 καὶ
1770 2419 1952 2521 καλῶς

271 2547 675 2618 ῥηθησομένοις
703 2543 806 2616 τὴν
837 2552 939 2599 τοῦ
958 2546 1213 2614 λέγοντος
1233 2542 1483 2598 διανοιαν
1505 2545 1716 2598 εἰδυῖαν
1733 2538 1795 2593 τὸ
1815 2536 1954 2608 ἀλη-
2012 2542 2028 2567 ἦ

273 2629 371 2693 θες
391 2630 470 2682 ῶν
490 2623 563 2682 ἂν
582 2630 727 2696 ἐρεῖν
746 2630 869 2697 πέρι
888 2629 1082 2699 μέλλη;

415 2715 565 2766 ΦΑΙ.
623 2707 842 2765 obn-062
862 2711 984 2779 περὶ
1003 2707 1205 2763 τούτου
1225 2703 1464 2777 ἀκήκοα,
1504 2698 1547 2759 ὦ
1570 2709 1693 2773 φίλε
1712 2703 1952 2773 Σῶκρα-
2001 2750 2010 2758 ³

159 2798 246 2842 260
274 2815 386 2862 τες,
411 2792 514 2848 οὐκ
535 2791 674 2848 εἶναι
693 2789 946 2861 ἄναγκην
964 2798 1040 2845 τῶ
1060 2796 1314 2860 μέλλοντι
1332 2789 1520 2858 ρήτορι
1541 2790 1767 2840 ἔσεσθαι
1787 2806 1852 2838 τα
1872 2791 1951 2838 τῶ
2000 2811 2011 2842 1
