2028 3198
262 164 366 216 236
875 163 1344 211 ΠΛΑΤΩΝΟΣ
1783 127 1808 143 ==
1879 171 1936 215 98

197 317 231 357 D
263 297 365 353 τὸν
395 296 636 367 ὁμοζυγα
668 293 741 359 ὡς
771 299 944 367 δειλίᾳ
963 316 1021 350 τε
1039 295 1132 350 καὶ
1151 293 1423 368 ἀνανδρίᾳ
1441 296 1701 362 λιπόντας
1719 295 1820 367 τὴν
1838 298 1935 352 τά-

266 383 349 443 ξιν
385 379 476 432 καὶ
512 374 837 446 ὁμολογίαν·
876 376 967 430 καὶ
998 374 1167 431 πάλιν
1197 374 1301 432 οὐκ
1331 380 1624 442 ἐθέλοντας
1652 380 1937 449 προσιέναι

264 455 587 527 ἀναγκάζων
616 455 774 527 μόγις
802 456 1151 527 συνεχώρησε
1185 459 1465 528 δεομένων
1495 464 1746 524 εἰσαῦθις
1763 457 1937 528 ὑπερ-

262 542 547 608 βαλέσθαι.
605 537 870 602 ἐλθόντος
905 537 964 593 δὲ
998 543 1102 592 τοῦ
1122 540 1500 636 συντεθέντος
1537 540 1771 611 χρόνου,
1811 536 1934 610 [ου]

263 616 603 688 ἀμνημονεῖν
624 619 1083 718 προσποιουμένω
1103 616 1565 690 ἀναμιμνήσκων,
1593 621 1933 692 βιαζόμενος,

259 703 610 770 χρεμετίζων,
649 700 828 755 ἕλκων
856 698 1172 771 η’νάγκασεν
1201 703 1275 755 αὐ
1303 707 1638 770 προσελθειν
1666 713 1778 767 τοῖς
1807 722 1932 755 παι-

265 784 434 844 δικοῐς
464 783 549 835 ἐπὶ
578 781 708 845 τούς
737 779 942 846 αὐτοὺς
979 781 1207 852 λόγους,
1246 783 1339 837 mxl
1375 783 1558 853 ἐπειδὴ
1597 781 1759 853 ἐγγὺς
1775 777 1933 854 ἦσαν,

262 859 503 929 ἐγκύψας
532 863 623 915 καὶ
649 864 891 926 ἐκτείνας
918 862 1022 933 τήν
1041 864 1269 932 κέρκον,
1309 863 1558 919 ἐνδακὼν
1576 863 1675 920 τὸν
1693 863 1935 935 χαλινόν,

199 957 232 997 Ε
263 937 382 1012 μετ’
413 939 690 1006 ἀναιδείας
719 944 886 998 ἕλκει·
925 941 954 998 ὁ
976 942 1028 998 δ’
1049 942 1267 1014 ἡνίοχος
1285 948 1362 998 ἔτι
1379 952 1589 1014 μᾶλλον
1608 944 1811 1002 ταύτὸν
1828 945 1937 1000 πά·-

265 1029 370 1085 θος
388 1021 616 1093 παθών,
639 1022 823 1095 ὥσπερ
844 1021 951 1079 ἀπὸ
973 1022 1254 1094 ὕσπληγος
1274 1023 1595 1096 ἀναπεσών,
1628 1032 1706 1082 ἔτι
1723 1032 1936 1097 μᾶλλον

262 1109 363 1158 τοῦ
391 1100 661 1175 ὑβριστοῦ
687 1108 860 1160 ἵππου
890 1108 947 1160 ἐκ
977 1112 1090 1159 τῶν
1119 1104 1368 1160 ὀδόντων
1394 1112 1488 1179 βίᾳ
1519 1105 1692 1162 ὀπίσω
1724 1106 1937 1170 σπάσας

263 1183 363 1239 τὸν
381 1185 609 1254 χαλινόν
622 1228 635 1253 ,
667 1186 767 1257 τήν
785 1209 841 1240 τε
863 1187 1178 1255 κακηγόρον
1197 1193 1446 1256 γλῶτταν
1464 1189 1555 1243 καὶ
1571 1186 1666 1251 τάς
1685 1187 1937 1257 γνάθους

264 1267 552 1338 καθῄμαξε
583 1267 756 1322 καὶτὰ
780 1271 943 1338 σκέλη
964 1289 1022 1322 τε
1041 1268 1131 1322 καὶ
1149 1265 1214 1321 τά
1236 1272 1376 1336 ἰσχία
1397 1266 1534 1338 πρὸς
1553 1267 1653 1339 τὴν
1671 1274 1778 1339 γῆν
1798 1271 1936 1337 ἐρεί-

265 1364 363 1411 σας
392 1344 619 1412 ὀδύναις
649 1352 868 1404 ἒδωκεν.
927 1348 1061 1404 ὅταν
1079 1347 1138 1403 δὲ
1157 1347 1362 1403 ταύτὸν
1381 1350 1644 1415 πολλάκις
1663 1349 1887 1420 πάσχων
1906 1345 1934 1403 ὁ

263 1428 506 1499 πονηρὸς
534 1437 630 1500 τῆς
659 1430 872 1502 ὕβρεως
913 1431 1074 1501 λήξῃ,
1112 1432 1472 1495 ταπεινωθεὶς
1511 1432 1695 1486 ἕπεται
1727 1430 1832 1502 ἤδη
1869 1439 1934 1503 τῇ

262 1517 364 1565 τοῦ
383 1509 611 1581 ἡνιόχου
631 1518 882 1586 προνοίᾳ,
903 1514 994 1567 καὶ
1015 1511 1150 1568 ὅταν
1171 1517 1260 1585 ἴδῃ
1280 1511 1376 1569 τὸν
1396 1513 1584 1583 καλόν,
1605 1513 1763 1587 φόβῳ
1786 1513 1936 1569 διόλ-

263 1598 448 1647 λυται·
488 1591 626 1648 ω’στε
656 1595 940 1664 ξυμβαίνει
969 1593 1081 1649 τότ’
1116 1594 1221 1664 ἤδη
1252 1594 1353 1665 τὴν
1381 1601 1481 1649 τοῦ
1502 1598 1734 1665 ἐραστοῦ
1754 1594 1935 1666 ψυχὴν

262 1686 378 1738 τοις
397 1678 669 1739 παιδικοῖς
689 1677 1022 1746 αἰδουμένην
1041 1698 1098 1731 τε
1117 1680 1207 1732 καὶ
1228 1681 1542 1734 δεδοικυῖαν
1561 1680 1808 1734 έ.πεσθαι

146 1771 235 1815 255
402 1762 635 1814 XXXVI
698 1756 822 1813 'Ate
853 1761 958 1812 οὐν
975 1765 1158 1814 πᾶσαν
1177 1767 1485 1830 θεραπείαν
1504 1758 1577 1825 ὡς
1597 1762 1817 1826 ἰσόθεος
1837 1769 1939 1815 θε-

266 1837 643 1908 ραπευόμενος
664 1837 765 1908 οὐχ
785 1837 893 1893 ὑπὸ
918 1844 1379 1913 σχηματιζομένου
1397 1851 1499 1898 τοῦ
1517 1846 1780 1914 ἐρωντος,
1815 1841 1935 1898 ἀλλ’

265 1917 489 1991 ἀληθῶς
507 1927 668 1976 τόῦτο
690 1923 1037 1987 πεπονθότος
1051 1966 1065 1994 ,
1105 1926 1195 1978 καὶ
1214 1922 1380 1988 αὐτὸς
1401 1947 1480 1978 ων
1500 1926 1666 1993 φύσει
1686 1930 1842 1992 φίλος
1860 1930 1935 1995 τῷ

264 2004 662 2074 θεραπεύοντι,
700 2002 800 2059 ἐάν
828 2003 934 2072 ἄρα
954 2007 1043 2059 καὶ
1063 2007 1123 2060 ἐν
1138 2011 1215 2078 τῷ
1236 2005 1488 2075 πρόσθεν
1506 2003 1613 2061 ὑπὸ
1636 2009 1936 2076 ξυμφοιτη-

263 2106 376 2139 των
402 2084 440 2156 ἤ
467 2107 637 2141 τινων
673 2085 857 2142 άλλων
898 2090 1373 2158 διαβεβλημενος
1341 2110 1404 2160 η,
1443 2087 1719 2156 λεγόντων
1743 2084 1814 2151 ὡς
1851 2092 1937 2141 αἰ-

265 2167 436 2238 σχρὸν
451 2171 646 2237 ἐρωντι
663 2169 999 2240 πλησιάζειν,
1020 2172 1108 2225 καὶ
1130 2169 1218 2224 διὰ
1238 2176 1402 2225 τοῦτο
1423 2169 1626 2242 ἀπωθῇ
1646 2168 1744 2223 τὸν
1763 2172 1938 2239 ἐρων-

262 2271 354 2304 τα·
385 2251 676 2321 προϊόντος
696 2253 754 2307 δὲ
774 2252 877 2323 ἤδη
898 2259 1000 2307 τοῦ
1017 2254 1222 2323 χρόνου
1241 2251 1276 2322 ἤ
1293 2274 1350 2307 τε
1367 2250 1549 2323 ἡλικία
1567 2254 1658 2307 καὶ
1679 2249 1740 2306 τὸ
1760 2249 1938 2321 χρεων

205 2357 239 2397 Β
266 2331 474 2402 ἤγαγεν
506 2339 581 2397 εἰς
608 2331 669 2389 τὸ
703 2336 1013 2402 προσέσθαι
1041 2333 1214 2401 αὐτὸν
1243 2339 1318 2399 εἰς
1349 2333 1582 2405 ὁμιλίαν.
1638 2333 1704 2389 οὐ
1733 2332 1839 2404 γὰρ
1870 2332 1937 2403 δή

266 2432 397 2469 ποτε
432 2418 678 2486 εἵμαρται
703 2415 884 2473 κακὸν
915 2423 1069 2490 κακῷ
1095 2422 1260 2486 φίλον
1289 2415 1411 2472 οὐδ’
1435 2414 1657 2487 ἀγαθὸν
1678 2416 1750 2487 μὴ
1773 2421 1938 2485 φίλον

267 2495 467 2568 ἀγαθῷ
486 2495 638 2551 εἶναι.
695 2501 1039 2568 προσεμένου
1061 2499 1227 2554 δὲκαὶ
1247 2500 1415 2570 λόγον
1435 2501 1526 2554 καὶ
1544 2497 1762 2569 ὁμιλίαν
1781 2499 1938 2562 δεξα-

264 2580 464 2648 μένου,
497 2578 740 2647 ἐγγύθεν
758 2578 791 2650 ἡ
814 2580 1003 2635 εὔνοια
1020 2585 1315 2652 γιγνομένη
1335 2588 1434 2636 τοῦ
1454 2584 1688 2651 ἐρῶντος
1706 2577 1937 2646 ἐκπλήτ-

265 2681 344 2714 τει
361 2657 463 2714 τὸν
481 2659 761 2730 ἐρώμενον
784 2663 1279 2733 διαισθανόμενον,
1311 2662 1394 2717 ὅτι
1413 2660 1539 2717 οὐδ’
1559 2664 1615 2716 οἱ
1631 2660 1935 2730 ξύμπαντες

264 2739 425 2795 ἄλλοι
455 2748 604 2811 φίλοι
632 2764 689 2797 τε
721 2745 810 2797 καὶ
842 2747 1031 2798 οἰκεῖοι
1059 2756 1261 2815 μοῖραν
1282 2749 1465 2814 φιλίας
1485 2742 1747 2811 οὐδεμίαν
1764 2742 1934 2807 παρέ-

262 2843 451 2891 χονται
479 2821 616 2894 πρὸς
646 2823 743 2879 τὸν
780 2827 980 2878 ἔνθεον
1018 2831 1199 2893 φίλον.
1256 2824 1390 2881 ὅταν
1426 2827 1484 2880 δὲ
1518 2827 1738 2894 χρονίζῃ
1772 2829 1934 2877 τοῦτο
