2028 3198
351 197 455 251 356
967 200 1416 248 ΙΠΠΑΡΧΟΣ.
1969 205 2028 251 86

494 336 605 385 ΕΤ.
660 337 872 402 Ζημίαν
893 331 1092 403 δήπου,
1117 325 1161 386 ὦ
1181 332 1503 403 Σώκρατες·
1539 329 1660 386 ἀντὶ
1682 335 2028 387 δωδεκαστα-

355 421 480 470 σίου
499 415 605 486 γὰρ
627 413 910 469 διστάσιον
929 411 1078 487 αὐτῷ
1099 420 1425 470 καθίσταται
1444 412 1503 469 τὸ
1528 419 1771 484 χρυσίον.

496 501 619 551 ΣΩ.
672 498 781 552 Καὶ
799 496 911 567 μὴν
931 499 1100 552 πλέον
1119 496 1165 567 γ’
1188 504 1436 568 εἴληφεν·
1485 493 1521 567 ἢ
1545 495 1614 552 οὐ
1645 497 1813 553 πλέον
1831 498 1945 553 ἐστὶ
1965 495 2024 552 vd

356 578 648 634 διπλάσιον
668 584 768 634 τοῦ
790 578 1040 651 ἡμι’σεος;

497 667 611 716 ΕΤ.
671 660 811 717 Οὕτι
829 668 897 735 τῇ
916 659 1037 735 ἀξίᾳ
1057 684 1118 732 γε
1138 660 1411 733 ἀργύριον
1428 666 1675 732 χρυσίου.

497 748 620 798 ΣΩ.
676 750 786 798 Δεῖ
799 743 932 814 ἄρα,
955 742 1030 809 ὡς
1051 750 1219 814 ἔοικε,
1242 751 1320 817 τῷ
1341 747 1522 813 κέρδει
1541 749 1702 799 τοῦτο
1723 755 2025 814 προσεῖναι,

355 825 457 896 τὴν
480 824 650 891 ἀξίαν.
708 833 816 881 νῦν
837 833 977 895 γοῦν
1005 824 1065 881 τὸ
1087 827 1188 896 μὲν
1208 826 1480 898 ἀργύριον
1500 829 1668 881 πλέον
1687 822 1754 882 ὂν
1773 831 1874 880 τοῦ
1893 847 2028 897 χρυ-

355 914 482 963 σίου
502 906 570 963 οὐ
589 906 696 979 φῂς
716 907 871 973 ἄξιον
890 908 1057 978 εἶναι,
1095 907 1155 965 τὸ
1192 909 1249 965 δὲ
1278 914 1508 979 χρυσίον
1539 912 1766 964 ἔλαττον
1786 904 1855 963 ὂν
1875 907 2028 973 ἄξιον

353 989 461 1060 φῂς
480 987 634 1044 εἶναι.

267 1078 299 1118 Ε
493 1077 604 1126 ΕΤ.
659 1070 920 1142 Σφόδρα·
958 1076 1062 1143 ἔχει
1080 1072 1185 1143 γαρ
1205 1072 1394 1137 οὕτως.

493 1158 617 1209 ΣΩι.
678 1152 751 1208 Τὸ
773 1155 876 1224 μὲν
895 1155 1050 1221 ἄξιον
1070 1154 1175 1224 ἄρα
1195 1158 1494 1225 κερδαλέον
1511 1157 1684 1223 ἐστίν,
1706 1154 1805 1210 έοίν
1822 1174 1879 1209 τε
1898 1170 2026 1224 σμι-

352 1234 491 1306 κρὸν
508 1230 544 1308 ᾖ
565 1236 662 1291 έοὶν
681 1259 738 1292 τε
758 1240 924 1309 μέγα,
946 1237 1005 1294 τὸ
1029 1238 1087 1295 δὲ
1109 1237 1339 1303 ἀνάξιον
1360 1236 1599 1309 ἀκερδές.

493 1323 604 1371 ΕΤ.
645 1324 773 1372 Ναί.

492 1405 616 1453 ΣΩ.
679 1400 752 1454 Τὸ
777 1401 834 1455 δὲ
855 1400 1009 1466 ἄξιον
1029 1405 1200 1471 λέγεις
1220 1401 1376 1469 ἄξιον
1396 1401 1533 1458 εἶναι
1554 1402 1687 1459 ἄλλο
1708 1425 1759 1458 τι
1777 1399 1813 1475 ἦ
1833 1409 2028 1474 κεκτῆ-

353 1490 514 1549 §fiam

490 1572 603 1621 ET.
659 1571 778 1620 Ναί
785 1609 799 1636 ,
831 1572 1146 1637 κεκτῆσθαι.

492 1653 616 1702 ΣΩ.
660 1647 733 1702 Τὸ
769 1648 826 1704 δὲ
857 1647 1011 1714 ἄξιον
1032 1644 1105 1703 αὖ
1136 1653 1307 1720 λέγεις
1327 1655 1628 1720 κεκτῆσθαι
1655 1647 1715 1704 τὸ
1748 1646 2028 1725 ἀνωφελὲς

349 1723 384 1797 ἢ
404 1728 464 1785 τὸ
489 1728 795 1801 ὠφέλιμον;

490 1820 601 1870 ΕΤ.
659 1811 731 1868 Τό
762 1812 1042 1883 ὠφέλιμον
1062 1812 1257 1885 δήπου.

232 1901 321 1947 ’232
491 1900 614 1949 ΣΩ.
672 1894 900 1949 Οὐκοῦν
920 1896 980 1950 τὸ
1005 1894 1287 1966 ὠφέλιμον
1310 1893 1531 1966 ἀγαθόν
1555 1896 1730 1961 §erum

489 1981 602 2031 ΕΤ.
660 1981 787 2030 Ναί.

492 2062 616 2111 ΣΩ,
676 2056 931 2126 Οὐκοῦν,
951 2051 997 2112 ⁶0³
1015 2056 1365 2128 ἀνδρειότατε
1385 2057 1629 2125 πάντων,
1651 2054 1720 2111 οὐ
1739 2054 1800 2112 τὸ
1824 2058 2026 2125 κερδα-

351 2140 479 2193 λέον
510 2136 731 2207 ἀγαθὸν
763 2133 837 2193 αὖ
866 2139 1034 2195 πάλιν
1062 2148 1248 2209 τρίτον
1269 2135 1303 2210 ἢ
1322 2141 1583 2210 τέταρτον
1602 2136 1720 2209 ἥκει
1738 2135 1868 2209 ἡμῖν
1888 2135 2011 2207 ὁμο-

350 2221 723 2291 λογούμενον;

488 2308 602 2358 ΕΤ.
645 2303 877 2359 Ἔοικεν.

488 2390 614 2440 Σῼ.
669 2385 1060 2457 Μνημονεύεις
1078 2379 1200 2457 οὖν,
1216 2385 1357 2442 ὅθεν
1375 2382 1505 2457 ἡμῖν
1518 2378 1680 2449 οὗτος
1699 2382 1727 2439 ὁ
1749 2382 1912 2453 λόγος
1934 2405 1967 2452 γ

349 2487 542 2535 γονεν;

488 2555 601 2604 ΕΤ.
659 2548 828 2619 Οἶμαί
843 2571 919 2620 γε.
1990 2607 1994 2616 ,

488 2637 613 2686 ΣΩ.
664 2636 736 2687 Εἰ
767 2632 826 2687 δὲ
855 2632 959 2703 μή,
1000 2631 1109 2702 ἐγώ
1137 2647 1198 2687 σε
1221 2630 1546 2703 ὑπομνήσω.
1600 2628 1957 2701 ἠμφισβήτησ
1989 2668 1995 2706 1

348 2733 441 2782 μοι
459 2711 590 2777 τοὺς
609 2711 862 2782 ἀγαθοὺς
879 2712 953 2784 μὴ
986 2714 1166 2769 πάντα
1193 2712 1259 2769 τὰ
1293 2717 1457 2784 κέρδη
1479 2711 1783 2785 βούλεσθαι
1801 2713 1995 2781 κερδα

347 2815 482 2865 νειν,
505 2793 643 2850 ἄλλα
662 2802 774 2850 τῶν
794 2799 1009 2868 κερδῶν
1027 2795 1273 2867 τάγαθά,
1296 2794 1359 2851 τὰ
1382 2795 1440 2851 δὲ
1459 2793 1674 2866 πονηροὶ
1694 2792 1784 2865 μή.

487 2883 599 2932 ΕΤ.
658 2882 837 2947 Ναίχι.
1979 2831 2013 2985 {³}
