2028 3198
329 128 394 178 12
934 126 1410 176 ΠΛΑΤΩΝΟΣ

326 268 449 333 ἔφη,
472 284 513 316 ω
496 254 917 329 ῗΠαρμενίδη,
889 279 919 312 ο
937 258 1262 329 Σωκράτης·
1300 259 1452 314 πάνυ
1466 260 1573 329 γάρ
1594 282 1685 330 μοι
1704 261 1840 318 κατὰ
1859 235 2028 362 νοῦν-ξ.

325 347 508 413 λέγεις.
563 339 722 396 Ἀλλὰ
743 341 956 409 μέντοι,
978 337 1128 394 εἶπεν
1145 337 1173 395 6
1193 345 1570 412 Παρμενίδης,
1595 350 1646 398 εἴ
1659 346 1726 412 γέ
1739 366 1818 408 τις
1837 343 1904 439 δη’
1917 386 1930 412 ,
1954 367 1996 399 ω
2017 354 2028 437 3¹

324 425 643 492 Σώκρατες,
685 425 755 476 αὐ
787 419 858 492 μὴ
890 421 1037 476 ἐάσει
1057 425 1172 492 εἴδη
1192 429 1303 476 τῶν
1323 421 1504 477 όντων
1523 423 1688 492 εἶναι,
1727 430 1801 489 είς
1819 425 1997 480 πάντα
2018 410 2028 531 i

323 504 386 560 τὰ
417 511 524 559 νῦν
554 502 620 573 δὴ
650 505 740 558 καὶ
769 501 907 558 άλλα
925 509 1149 557 τοιαῦτα
1169 501 1507 574 ἀποβλέψας,
1544 506 1683 574 μηδέ
1698 527 1748 559 τι
1767 503 1995 574 ὁριεῖται

324 586 464 648 εἶδος
493 582 614 648 ἑνὸς
642 583 905 653 ἑκάστου,
944 582 1073 638 οὐδε
1103 582 1229 638 ὅποι
1256 586 1439 653 τρέψει
1466 584 1569 654 τὴν
1600 585 1851 640 διάνοιαν
1872 587 1994 656 εξει,

264 684 294 726 c
324 664 395 737 μὴ
422 669 528 720 ἐῶν
548 667 698 720 ἰδέαν
717 670 829 719 τῶν
847 663 1029 718 ὄντων
1049 663 1283 718 ἑκάστου
1305 662 1408 734 τὴν
1428 662 1603 735 αὐτην
1623 664 1705 721 ἀεὶ
1724 665 1882 735 εἶναι,
1904 668 1996 721 καὶ
2017 728 2019 730 ,

324 746 499 810 οὕτως
526 744 628 815 τῆν
657 751 758 799 τοῦ
790 746 1138 813 διαλέγεσθαι
1160 745 1399 814 δύναμιν
1418 746 1733 801 παντάπασι
1756 752 1995 817 διαφθε-
2018 763 2020 766 “

323 840 417 898 ρεῖ.
473 832 575 881 τοῦ
604 824 860 880 τοιούτου
889 825 990 895 μὲν
1020 819 1126 879 οὖν
1155 847 1247 895 μοι
1278 829 1455 889 δοκεῖς
1474 828 1794 896 καὶμᾶλλον
1813 826 1988 900 ᾑσθῆ-«
2016 810 2028 879 I

321 917 470 964 σθαι.
505 905 714 977 Ἀληθῆ
733 907 905 975 λέγεις
923 948 936 974 ,
959 906 1146 975 φάναι.
2018 896 2028 967 ξ

459 995 587 1046 VIII.
669 993 735 1042 Τί
752 990 858 1042 οὐν
884 987 1127 1057 ποιήσεις
1158 994 1487 1058 φιλοσοφίας
1510 993 1656 1059 πέρι;
1694 1001 1793 1045 ποῖ
1807 992 1987 1058 τρέψει
2020 987 2028 1046 ἶ

213 1068 235 1091 ”
320 1071 712 1143 ἀγνοουμένων
740 1068 982 1124 τούτων·
969 1109 984 1134 ,
1027 1067 1112 1123 Οὐ
1132 1069 1280 1124 πάνυ
1300 1091 1393 1139 μοι
1412 1074 1556 1124 δοκῶ
1579 1077 1835 1143 καθορᾶν
1855 1075 1914 1126 ἕν
1931 1094 1993 1140 γε

319 1161 396 1228 τῷ
415 1154 661 1223 παρόντι.
696 1150 830 1224 Πρςό
850 1150 956 1220 γάρ
972 1192 986 1219 ,
1010 1155 1196 1221 εἰπεῖν,
1219 1153 1350 1219 πριν
1366 1157 1777 1222 γυμνασθῆναι,
1802 1174 1844 1206 ω
1861 1151 1994 1207 Σω’-
2026 1174 2028 1180 ·

319 1256 536 1304 κρατες,
575 1231 853 1304 ὁρίζεσθαι
881 1235 1160 1302 ἐπιχειρεῖς
1191 1232 1363 1287 καλόν
1394 1254 1451 1287 τε
1481 1238 1535 1287 τί
1560 1234 1650 1287 καὶ
1671 1237 1885 1288 δίκαιον
1903 1231 1994 1288 καὶ
2024 1275 2028 1308 3

318 1314 540 1386 άγαθόν
577 1317 667 1369 καὶ
704 1317 765 1369 ἓν
803 1315 1035 1368 ε’καστον
1071 1319 1184 1368 τῶν
1223 1317 1412 1369 εἰδῶν·
1463 1314 1725 1383 ἐνενόησα
1761 1313 1866 1384 γὰρ
1905 1315 1996 1369 καὶ
2026 1329 2028 1349 ³

258 1415 288 1454 D
321 1396 514 1470 πρῴην
562 1412 665 1450 σου
712 1393 936 1450 ἀκούων
977 1398 1369 1464 διαλεγομένου
1406 1394 1610 1449 ἐνθάδε
1643 1393 1994 1463 Ἀριστοτέλει
2024 1412 2028 1466 j

317 1481 470 1547 τῷδε.
511 1475 647 1546 καλὴ
670 1476 771 1545 μεν
791 1469 895 1530 οὖν
915 1477 1006 1530 καὶ
1027 1481 1182 1543 θεία,
1215 1497 1277 1530 ευ
1298 1483 1441 1571 ἰσθι,
1472 1473 1505 1546 ἡ
1529 1474 1699 1545 ὁρμή,
1730 1473 1801 1545 ἣν
1820 1473 1994 1547 ὁρμᾷς
2023 1476 2028 1506 ²

317 1559 405 1613 ἐπι
434 1555 563 1621 τοὺς
591 1557 813 1626 λόγους·
854 1558 1090 1612 ἕλκυσον
1122 1557 1181 1612 δε
1210 1555 1417 1611 σαυτὸν
1450 1559 1539 1611 και
1556 1556 1834 1626 γύμνασαι
1854 1563 1993 1626 μαλ-

318 1646 419 1693 λον
450 1635 539 1692 διά
557 1643 651 1707 τῆς
671 1638 942 1708 δοκούσης
960 1636 1237 1735 ἀχρήστου
1257 1635 1395 1691 εἶναι
1413 1639 1503 1692 καὶ
1523 1640 1864 1708 καλουμένης
1882 1635 1992 1692 ὑπὸ

318 1739 430 1772 των
449 1723 672 1772 πολλων
690 1715 1006 1787 ἀδολεσχίας
1021 1759 1035 1784 ,
1058 1738 1159 1780 εως
1179 1722 1253 1771 ἔτι
1272 1720 1396 1782 νέος
1413 1717 1485 1774 εἶ·
1523 1724 1572 1774 εί
1590 1719 1648 1774 δὲ
1668 1741 1740 1788 μη
1755 1759 1769 1787 ,
1790 1719 1850 1773 σε
1870 1721 1992 1773 δια-

319 1794 619 1868 φεύξεται’
592 1820 624 1867 η
647 1796 892 1867 αλήθεια.
950 1801 1042 1861 Τίς
1061 1799 1164 1852 ούν
1182 1795 1211 1852 ὁ
1234 1797 1462 1894 τρόπος,
1486 1798 1684 1869 φάναι,
1707 1802 1747 1853 ὠ
1767 1806 1994 1871 Παρμε-

318 1884 442 1951 νίδη
458 1922 471 1948 ,
490 1885 586 1950 τῆς
606 1883 934 1949 γυμνασίας·
923 1920 935 1942 ,
976 1871 1181 1947 Ουτος,
1206 1883 1402 1948 εἰπεῖν,
1426 1877 1598 1947 ὅνπερ
1618 1878 1860 1949 ἤκουσας
1879 1881 1992 1950 Ζή-

256 1984 286 2023 E
318 1982 508 2024 νωνος.
568 1957 712 2030 πλὴν
745 1959 909 2014 τοῦτό
938 1961 1003 2029 γε’
1030 1975 1131 2012 σου
1154 1961 1244 2013 καὶ
1264 1959 1399 2028 πρὸς
1417 1965 1617 2015 τοῦτον
1635 1958 1891 2030 ἠγάσθην
1914 1965 1992 2014 εἰ-

316 2041 541 2109 πόντος,
580 2038 666 2094 ὅτι
694 2038 797 2094 ούκ
826 2047 938 2103 εἰας
967 2042 1029 2094 ἐν
1054 2050 1166 2103 τοῖς
1196 2036 1492 2109 ὁρωμένοις
1522 2037 1650 2095 οὐδὲ
1679 2041 1801 2107 περὶ
1821 2047 1990 2094 ταῦτα

314 2121 416 2192 τῆν
446 2121 664 2191 πλάνην
693 2122 1035 2188 ἐπισκοπεῖν,
1074 2118 1213 2175 ἀλλὰ
1244 2122 1367 2191 περὶ
1397 2122 1576 2176 ε’κεῖνα
1607 2118 1643 2174 ἃ
1661 2120 1891 2190 μάλιστά
1911 2143 1991 2184 τις

317 2198 386 2256 ἂν
407 2200 552 2273 λόγῳ
574 2201 734 2271 λάβοι
753 2202 843 2256 καὶ
862 2205 979 2271 εἴδη
999 2197 1071 2255 ἂν
1089 2199 1352 2271 ἡγήσαιτο
1378 2200 1528 2256 εἶναι.
1567 2208 1742 2256 Δοκεῖ
1755 2202 1860 2270 γάρ
1879 2223 1988 2271 μοι,

319 2287 422 2352 ἔφη
437 2324 451 2348 ,
485 2282 655 2353 ταύτῃ
675 2304 736 2351 γε
757 2280 921 2338 οὐδὲν
939 2281 1179 2352 χαλεπὸν
1199 2281 1338 2338 εἶναι
1356 2284 1447 2337 καὶ
1466 2280 1627 2352 ὅμοια
1646 2284 1736 2337 καὶ
1755 2280 1989 2351 ἀνόμοια
2025 2306 2028 2307 ’

317 2364 409 2418 καὶ
440 2361 575 2419 ἄλλο
607 2361 798 2417 ὁτιοῦν
817 2361 882 2417 τὰ
905 2362 1039 2417 ὄντα
1059 2363 1339 2432 πάσχοντα
1359 2362 1702 2433 ἀποφαίνειν.
1759 2363 1867 2416 Καὶ
1888 2384 1990 2418 κα-

318 2450 427 2508 λῶς
445 2442 520 2514 γ’,
560 2448 680 2513 ἔφη.
737 2443 838 2513 χρὴ
871 2443 928 2498 δὲ
956 2445 1046 2498 καὶ
1078 2443 1207 2498 τόδε
1226 2447 1303 2498 ἔτι
1322 2443 1458 2512 πρὸς
1475 2443 1650 2516 τούτῳ
1671 2453 1875 2511 ποιεῖν,
1913 2441 1986 2513 μὴ

208 2543 289 2588 136
316 2525 491 2596 μόνον
511 2529 561 2579 εἰ
577 2527 725 2578 ἔστιν
743 2527 975 2579 ἕκαστον
998 2523 1404 2595 ὑποτιθέμενον
1424 2536 1650 2581 σκοπεῖν
1668 2523 1734 2579 τὰ
1759 2530 1989 2596 ξυμβαί-

316 2626 487 2661 νοντα
524 2607 583 2660 ἐκ
623 2610 717 2675 τῆς
751 2602 1097 2674 ὑποθέσεως,
1135 2603 1272 2660 ἀλλὰ
1312 2607 1404 2660 καὶ
1441 2609 1491 2660 εἰ
1515 2605 1588 2676 μὴ
1618 2611 1730 2661 ἔστι
1759 2606 1818 2660 τὸ
1848 2602 1982 2658 αὐτὸ

315 2692 478 2742 τοῦτο
499 2683 891 2756 ὑποτίθεσθαι,
914 2689 963 2740 εἰ
978 2685 1169 2756 βούλει
1187 2693 1397 2755 μᾶλλον
1417 2691 1821 2756 γυμνασθῆναι.
1856 2689 1988 2747 Πῶς

315 2771 514 2838 λέγεις;
534 2767 721 2837 φάναι.
766 2761 929 2836 Οἶον,
950 2770 1052 2837 ἔφη
1068 2808 1082 2836 ,
1106 2772 1154 2822 εἰ
1169 2768 1359 2838 βούλει
1379 2767 1500 2835 περὶ
1517 2764 1715 2834 ταύτης
1732 2770 1826 2834 τῆς
1845 2761 1988 2818 ὑπο-
