2028 3198
322 135 429 188 354
960 129 1277 179 IHHAPX
1293 128 1406 177 ΟΣ.
1951 134 2010 179 84

466 274 581 324 ΕΤ.
638 271 766 321 Ναί.

386 422 390 424 ¹
474 354 598 404 ΣΩ.
650 345 785 402 Ἀλλ’
808 343 1113 415 ἅνθρωπός
1130 364 1219 413 γε,
1260 341 1435 413 οἶμαι,
1471 340 1759 413 οὐδέτερος
1787 339 2010 397 οὐδετέ-

331 451 436 500 ρου
470 429 598 485 οὔτε
628 435 841 500 μᾶλλον
870 425 998 482 οὔτε
1026 418 1195 496 ἧττόν
1219 426 1390 495 ἐστιν,
1437 422 1564 480 οὔτε
1595 423 1622 479 ὁ
1655 421 1888 496 χρηστὸς
1906 430 2008 479 τοῦ

332 518 586 584 πονηροῦ
615 509 745 566 οὔτε
767 506 795 565 ὁ
817 507 1058 579 πονηρὸς
1076 512 1178 563 τοῦ
1199 514 1453 578 χρηστοῦ.

469 601 583 651 ΕΤ.
627 590 838 663 Ἀληθῆ
858 593 1043 662 λέγεις.

471 681 595 732 ΣΩ.
633 672 861 730 Οὐκοῦν
880 672 1026 729 οὕτω
1039 673 1131 727 καὶ
1146 673 1379 742 περὶτοῦ
1394 673 1621 741 κέρδους
1635 670 2006 740 διανοώμεθα,

333 756 404 824 ὡς
424 761 616 828 κέρδος
634 779 695 827 γε
717 754 918 827 ὁμοίως
937 755 1049 811 ἐστὶ
1077 755 1169 810 καὶ
1186 751 1246 808 τὸ
1278 750 1528 823 πονηρὸν
1547 753 1637 808 καὶ
1654 750 1714 807 τὸ
1739 752 1974 822 χρηστόν
1991 775 2005 817 ;

471 846 582 896 ΕΤ.
635 837 885 909 Ἀνάγκη.

472 928 596 978 ΣΩ.
651 919 834 977 Οὐδὲν
854 920 961 990 ἄρα
981 924 1192 990 μᾶλλον
1205 920 1479 987 κερδαίνει
1496 912 1522 970 ὁ
1541 913 1602 970 τὸ
1622 913 1859 986 χρηστὸν
1877 917 2006 984 κέρ-

335 1009 428 1069 δος
449 1008 586 1075 ἔχων
607 998 642 1074 ἦ
661 1002 721 1057 τὸ
743 1002 992 1073 πονηρόν
1007 1023 1018 1034 ·
1051 999 1264 1056 οὔκουν
1282 997 1495 1070 μᾶλλόν
1513 1019 1575 1068 γε
1596 1001 1789 1067 κέρδος
1810 1003 2009 1067 φαίνε-

240 1107 276 1149 D
331 1109 419 1142 ται
438 1084 732 1155 οὐδέτερον
753 1084 837 1155 ὅν,
861 1082 932 1149 ὡς
952 1082 1350 1154 ὁμολογοῦμεν.

474 1174 586 1224 ΕΤ.
638 1171 767 1223 Ναί.

474 1255 597 1305 ΣΩ.
657 1246 945 1320 Οὐδετέρῳ
974 1242 1082 1317 γὰρ
1113 1242 1300 1299 αὐτῶν
1328 1242 1456 1299 οὔτε
1475 1240 1535 1298 τὸ
1558 1248 1769 1313 μᾶλλον
1792 1240 1918 1297 οὔτε
1947 1241 2005 1296 τό

330 1325 498 1403 ἧττον
517 1330 829 1402 πρόσεστιν.

473 1419 585 1469 ΕΤ.
645 1409 730 1468 Οὐ
749 1409 855 1481 γὰρ
878 1410 962 1481 δή.

474 1501 598 1551 ΣΩ.
656 1500 747 1566 Τῷ
769 1493 834 1563 δὴ
855 1491 1086 1565 τοιούτῳ
1118 1489 1394 1560 πράγματι
1422 1495 1535 1552 πῶς
1554 1486 1625 1543 ἄν
1643 1509 1721 1551 τις
1741 1491 1953 1557 μᾶλλον
1971 1481 2009 1555 ἢ

332 1572 502 1650 ἧττον
537 1575 728 1634 ὁτιοῦν
765 1571 836 1629 α“ν
874 1584 1027 1629 ποιοῖ
1055 1569 1091 1644 ἢ
1126 1572 1350 1642 πάσχοι,
1390 1572 1431 1644 ᾧ
1464 1571 1762 1641 μηδέτερον
1795 1568 2009 1624 τούτων

334 1664 589 1730 προσείη·
576 1702 590 1727 ,

484 1748 530 1799 Ε
536 1748 589 1797 Τ.
638 1738 960 1795 Ἀδύνατον.

475 1829 598 1879 ΣΩ.
651 1819 859 1893 Ἐπειδὴ
876 1825 1067 1876 τοίνυν
1079 1822 1243 1890 κέρδη
1264 1817 1364 1889 μὲν
1382 1814 1583 1888 ὁμοίως
1602 1817 1747 1871 ἐστὶν
1767 1813 2010 1886 ἀμφότε-

336 1928 406 1974 ρα
424 1906 515 1960 καὶ
535 1903 832 1974 κερδαλέα,
862 1904 1014 1956 τουτὶ
1035 1899 1099 1970 δὴ
1121 1904 1207 1955 δεῖ
1230 1898 1373 1971 ἡμᾶς
1393 1902 1820 1966 ἐπισκέψασθαι,
1852 1894 1940 1951 διὰ
1960 1900 2015 1951 τί

338 2007 470 2043 ποτε
487 1985 774 2085 Εἀμφότερα
794 1982 931 2038 αὐτα
952 1985 1147 2053 κέρδος
1166 1988 1372 2050 καλεῖς,
1393 1986 1449 2035 τί
1462 1978 1664 2034 ταύτὸν
1684 1981 1745 2034 ἐν
1765 1976 2008 2048 ἀμφοτέ-

245 2089 282 2130 Ε
340 2091 455 2139 ροις
474 2066 653 2139 ὁρῶν;
690 2065 873 2136 ω’σπερ
894 2063 965 2120 αἰ)
986 2069 1035 2120 εἰ
1053 2061 1122 2134 [ἃ]
1144 2063 1214 2117 σύ
1236 2084 1302 2133 με
1321 2060 1537 2134 ηρώτας
1554 2082 1620 2115 τα
1650 2067 1757 2114 νῦν
1785 2059 1880 2130 δή,
1920 2059 2008 2114 δια

337 2155 394 2206 τί
416 2170 547 2205 ποτε
574 2150 664 2204 καὶ
694 2145 755 2202 τὸ
778 2143 1001 2216 ἀγαθὸν
1021 2149 1196 2200 σιτίον
1215 2145 1306 2199 καὶ
1333 2141 1394 2198 τὸ
1416 2141 1592 2198 κακὸν
1613 2146 1787 2195 σιτίον
1808 2137 2009 2210 ὁμοίως

338 2228 625 2302 ἀμφότερα
647 2233 788 2283 σιτία
809 2233 977 2298 καλω,
1002 2222 1212 2281 εἶπον’
1175 2247 1246 2280 αν
1266 2239 1380 2292 σοι,
1412 2222 1546 2280 διότι
1570 2220 1853 2319 ἀμφότερα
1874 2219 2008 2291 ξηρα

338 2310 517 2382 τροφὴ
540 2309 792 2381 σώματός
819 2312 959 2378 ἐστι,
998 2303 1084 2363 δια
1117 2313 1280 2363 τοῦτο
1307 2310 1504 2376 ἔγωγε·
1542 2310 1706 2360 τοῦτο
1734 2323 1841 2374 γαρ
1870 2301 2028 2372 εἶναι-

338 2397 512 2447 σιτίον
534 2385 642 2446 κᾶν
663 2390 734 2445 σύ
755 2410 865 2445 που
885 2400 1018 2461 ημιν
1039 2387 1340 2459 ὁμολογοῖς.
1380 2409 1412 2457 η
1433 2386 1568 2456 γάρ·
1555 2427 1570 2453 ,
2026 2373 2028 2380 ’

477 2480 588 2529 ΕΤ.
628 2469 852 2542 Ἐ’γωγε.

481 2559 605 2610 ΣΩ.
661 2556 770 2610 Καὶ
795 2554 918 2622 περὶ
938 2558 1111 2608 ποτοῦ
1143 2545 1289 2607 οὖν’
1268 2574 1296 2607 ο
1318 2548 1485 2615 αὐτὸς
1503 2545 1576 2605 ἂν
1592 2547 1793 2620 τρόπος
1813 2556 1894 2619 εἴη
1914 2554 2010 2618 τῆς

338 2635 696 2706 ἀποκρίσεως,
719 2634 802 2691 ὅτι
819 2642 886 2707 τῇ
905 2640 1004 2691 τοῦ
1025 2634 1273 2706 σώματος
1292 2631 1439 2706 ὑγρᾷ
1457 2636 1656 2703 τροφῇ,
1687 2631 1786 2686 ἐάν
1803 2651 1860 2685 τε
1877 2650 2011 2700 χρη-

224 2734 306 2780 231
340 2723 438 2790 0·τὴ
459 2717 560 2775 έοὶν
577 2739 634 2774 τε
656 2717 870 2788 πονηρὰ
892 2710 945 2790 ᾖ,
959 2723 1122 2772 τοῦτο
1145 2714 1203 2772 τὸ
1228 2714 1404 2787 ὄνομά
1425 2717 1553 2785 ἐστι,
1568 2712 1740 2769 ποτόν
1757 2732 1768 2743 ·
1789 2712 1878 2766 καὶ
1898 2720 2028 2774 τοϊς-ζι

338 2799 522 2866 ἄλλοις
545 2798 821 2864 ὡσαύτως.
856 2805 1028 2870 πειρῶ
1060 2792 1164 2853 οὖν
1193 2799 1282 2853 καὶ
1312 2796 1383 2853 σὺ
1414 2798 1504 2868 ἐμὲ
1531 2800 1815 2866 μιμεῖσθαι
1835 2790 2028 2857 οὕτως
