<?xml version="1.0" encoding="UTF-8"?>
<!DOCTYPE html PUBLIC "-//W3C//DTD XHTML 1.0 Transitional//EN"
    "http://www.w3.org/TR/xhtml1/DTD/xhtml1-transitional.dtd">
<html xmlns="http://www.w3.org/1999/xhtml" xml:lang="en" lang="en">
 <head>
  <title>
</title>
<meta http-equiv="Content-Type" content="text/html;charset=utf-8" />
  <meta name='ocr-system' content='tesseract 3.04.00' />
  <meta name='ocr-capabilities' content='ocr_page ocr_carea ocr_par ocr_line ocrx_word'/>
</head>
<body>
  <div class='ocr_page' id='page_1' title='image "./dialogisecumdumt02platuoft_0058.png"; bbox 0 0 2028 3198; ppageno 0'>
   <div class='ocr_carea' id='block_1_1' title="bbox 302 107 1379 201">
    <p class='ocr_par' dir='ltr' id='par_1_1' title="bbox 302 107 1379 201">
     <span class='ocr_line' id='line_1_1' title="bbox 302 107 1379 201; baseline -0.001 -7"><span class='ocrx_word' id='word_1_1' title='bbox 302 149 369 201; x_wconf 80' lang='lat'><em>28</em></span> <span class='ocrx_word' id='word_1_2' title='bbox 903 107 1379 195; x_wconf 67' lang='grc' dir='ltr'><em>ΠΛΑΤΩΝΟΣ</em></span> 
     </span>
    </p>
   </div>
   <div class='ocr_carea' id='block_1_2' title="bbox 185 275 2026 2899">
    <p class='ocr_par' dir='ltr' id='par_1_2' title="bbox 243 275 1985 763">
     <span class='ocr_line' id='line_1_2' title="bbox 243 275 1984 353; baseline -0.001 -18"><span class='ocrx_word' id='word_1_3' title='bbox 243 295 275 335; x_wconf 80' lang='grc' dir='ltr'>Β</span> <span class='ocrx_word' id='word_1_4' title='bbox 299 282 507 353; x_wconf 85' lang='grc' dir='ltr'><em>Ἐφάνη</em></span> <span class='ocrx_word' id='word_1_5' title='bbox 527 281 649 351; x_wconf 76' lang='grc' dir='ltr'><em>γάρ.</em></span> <span class='ocrx_word' id='word_1_6' title='bbox 710 279 1054 335; x_wconf 84' lang='grc' dir='ltr'><em>Τούναντίον</em></span> <span class='ocrx_word' id='word_1_7' title='bbox 1082 280 1145 334; x_wconf 79' lang='grc' dir='ltr'><em>δέ</em></span> <span class='ocrx_word' id='word_1_8' title='bbox 1159 299 1222 348; x_wconf 76' lang='grc' dir='ltr'><em>γε</em></span> <span class='ocrx_word' id='word_1_9' title='bbox 1246 278 1429 344; x_wconf 83' lang='grc' dir='ltr'><em>πάθος</em></span> <span class='ocrx_word' id='word_1_10' title='bbox 1445 281 1557 335; x_wconf 81' lang='grc' dir='ltr'><em>ἐστὶ</em></span> <span class='ocrx_word' id='word_1_11' title='bbox 1575 275 1635 333; x_wconf 83' lang='grc' dir='ltr'><em>τὸ</em></span> <span class='ocrx_word' id='word_1_12' title='bbox 1661 277 1800 334; x_wconf 84' lang='grc' dir='ltr'><em>εἶναι</em></span> <span class='ocrx_word' id='word_1_13' title='bbox 1816 277 1984 334; x_wconf 85' lang='grc' dir='ltr'><em>ταύτο</em></span> 
     </span>
     <span class='ocr_line' id='line_1_3' title="bbox 307 351 1985 430; baseline -0.002 -10"><span class='ocrx_word' id='word_1_14' title='bbox 307 376 418 428; x_wconf 79' lang='grc' dir='ltr'><em>τοῖς</em></span> <span class='ocrx_word' id='word_1_15' title='bbox 438 362 624 426; x_wconf 77' lang='grc' dir='ltr'><em>ἄλλοις</em></span> <span class='ocrx_word' id='word_1_16' title='bbox 642 383 716 416; x_wconf 89' lang='grc' dir='ltr'><em>τω</em></span> <span class='ocrx_word' id='word_1_17' title='bbox 738 362 928 430; x_wconf 78' lang='grc' dir='ltr'><em>ἕτερον</em></span> <span class='ocrx_word' id='word_1_18' title='bbox 947 360 1028 416; x_wconf 83' lang='grc' dir='ltr'><em>εἶν</em></span> <span class='ocrx_word' id='word_1_19' title='bbox 1019 383 1086 416; x_wconf 83' lang='grc' dir='ltr'><em>αι</em></span> <span class='ocrx_word' id='word_1_20' title='bbox 1105 382 1218 415; x_wconf 87' lang='grc' dir='ltr'><em>των</em></span> <span class='ocrx_word' id='word_1_21' title='bbox 1235 359 1436 417; x_wconf 86' lang='grc' dir='ltr'><em>άλλων.</em></span> <span class='ocrx_word' id='word_1_22' title='bbox 1497 360 1663 416; x_wconf 92' lang='grc' dir='ltr'><em>Πάνυ</em></span> <span class='ocrx_word' id='word_1_23' title='bbox 1690 381 1767 430; x_wconf 78' lang='grc' dir='ltr'><em>γε.</em></span> <span class='ocrx_word' id='word_1_24' title='bbox 1805 351 1893 415; x_wconf 89' lang='grc' dir='ltr'><em>Ηι</em></span> <span class='ocrx_word' id='word_1_25' title='bbox 1922 382 1985 429; x_wconf 76' lang='grc' dir='ltr'><em>γε</em></span> 
     </span>
     <span class='ocr_line' id='line_1_4' title="bbox 307 435 1985 517; baseline -0.002 -18"><span class='ocrx_word' id='word_1_26' title='bbox 307 445 419 517; x_wconf 86' lang='grc' dir='ltr'><em>μὴν</em></span> <span class='ocrx_word' id='word_1_27' title='bbox 437 447 654 513; x_wconf 71' lang='grc' dir='ltr'><em>ε’,τερον</em></span> <span class='ocrx_word' id='word_1_28' title='bbox 677 441 873 514; x_wconf 86' lang='grc' dir='ltr'><em>όμοιον</em></span> <span class='ocrx_word' id='word_1_29' title='bbox 898 442 1093 514; x_wconf 81' lang='grc' dir='ltr'><em>ἐφάνη.</em></span> <span class='ocrx_word' id='word_1_30' title='bbox 1143 447 1272 498; x_wconf 87' lang='grc' dir='ltr'><em>Ναί.</em></span> <span class='ocrx_word' id='word_1_31' title='bbox 1322 435 1410 497; x_wconf 71' lang='lat' dir='ltr'><em>‘Hc</em></span> <span class='ocrx_word' id='word_1_32' title='bbox 1437 440 1546 511; x_wconf 78' lang='grc' dir='ltr'><em>α’ρα</em></span> <span class='ocrx_word' id='word_1_33' title='bbox 1573 439 1806 510; x_wconf 89' lang='grc' dir='ltr'><em>ταυτόν,</em></span> <span class='ocrx_word' id='word_1_34' title='bbox 1849 440 1985 497; x_wconf 84' lang='grc' dir='ltr'><em>ἀνό-</em></span> 
     </span>
     <span class='ocr_line' id='line_1_5' title="bbox 305 522 1977 598; baseline -0.002 -16"><span class='ocrx_word' id='word_1_35' title='bbox 305 549 467 598; x_wconf 92' lang='grc' dir='ltr'><em>μοιον</em></span> <span class='ocrx_word' id='word_1_36' title='bbox 486 531 637 582; x_wconf 82' lang='grc' dir='ltr'><em>ἔσται</em></span> <span class='ocrx_word' id='word_1_37' title='bbox 654 523 794 581; x_wconf 79' lang='grc' dir='ltr'><em>κατὰ</em></span> <span class='ocrx_word' id='word_1_38' title='bbox 822 522 1152 580; x_wconf 79' lang='grc' dir='ltr'><em>τούναντίον</em></span> <span class='ocrx_word' id='word_1_39' title='bbox 1181 525 1363 590; x_wconf 81' lang='grc' dir='ltr'><em>πάθος</em></span> <span class='ocrx_word' id='word_1_40' title='bbox 1384 530 1461 598; x_wconf 77' lang='grc' dir='ltr'><em>τῷ</em></span> <span class='ocrx_word' id='word_1_41' title='bbox 1492 522 1779 595; x_wconf 84' lang='grc' dir='ltr'><em>ὁμοιοῦντι</em></span> <span class='ocrx_word' id='word_1_42' title='bbox 1796 524 1977 579; x_wconf 80' lang='grc' dir='ltr'><em>πάθει.</em></span> 
     </span>
     <span class='ocr_line' id='line_1_6' title="bbox 306 603 1982 681; baseline -0.003 -16"><span class='ocrx_word' id='word_1_43' title='bbox 306 609 516 681; x_wconf 81' lang='grc' dir='ltr'><em>ὡμοίου</em></span> <span class='ocrx_word' id='word_1_44' title='bbox 537 611 601 664; x_wconf 82' lang='grc' dir='ltr'><em>δέ</em></span> <span class='ocrx_word' id='word_1_45' title='bbox 616 629 727 663; x_wconf 90' lang='grc' dir='ltr'><em>που</em></span> <span class='ocrx_word' id='word_1_46' title='bbox 747 604 807 662; x_wconf 82' lang='grc' dir='ltr'><em>τὰ</em></span> <span class='ocrx_word' id='word_1_47' title='bbox 829 607 1046 676; x_wconf 53' lang='lat' dir='ltr'><em>&amp;repom</em></span> <span class='ocrx_word' id='word_1_48' title='bbox 1086 613 1216 662; x_wconf 89' lang='grc' dir='ltr'><em>Ναί.</em></span> <span class='ocrx_word' id='word_1_49' title='bbox 1251 605 1604 677; x_wconf 75' lang='grc' dir='ltr'><em>’Λνομοιεόσει</em></span> <span class='ocrx_word' id='word_1_50' title='bbox 1624 604 1733 676; x_wconf 70' lang='grc' dir='ltr'><em>ἄρα</em></span> <span class='ocrx_word' id='word_1_51' title='bbox 1758 603 1982 674; x_wconf 84' lang='grc' dir='ltr'><em>ταύτόν,</em></span> 
     </span>
     <span class='ocr_line' id='line_1_7' title="bbox 303 686 1983 763; baseline -0.004 -15"><span class='ocrx_word' id='word_1_52' title='bbox 303 689 337 763; x_wconf 77' lang='grc' dir='ltr'><em>ἢ</em></span> <span class='ocrx_word' id='word_1_53' title='bbox 358 690 462 747; x_wconf 80' lang='grc' dir='ltr'><em>οὐκ</em></span> <span class='ocrx_word' id='word_1_54' title='bbox 482 694 738 747; x_wconf 84' lang='grc' dir='ltr'><em>ἐναντίον</em></span> <span class='ocrx_word' id='word_1_55' title='bbox 758 692 907 744; x_wconf 79' lang='grc' dir='ltr'><em>ἔσται</em></span> <span class='ocrx_word' id='word_1_56' title='bbox 925 694 1001 762; x_wconf 77' lang='grc' dir='ltr'><em>τῷ</em></span> <span class='ocrx_word' id='word_1_57' title='bbox 1023 689 1203 762; x_wconf 78' lang='grc' dir='ltr'><em>ἑτέρῳ.</em></span> <span class='ocrx_word' id='word_1_58' title='bbox 1242 687 1470 743; x_wconf 83' lang='grc' dir='ltr'><em>Ἔοικεν.</em></span> <span class='ocrx_word' id='word_1_59' title='bbox 1516 686 1742 757; x_wconf 85' lang='grc' dir='ltr'><em>Ὀμοιον</em></span> <span class='ocrx_word' id='word_1_60' title='bbox 1765 686 1872 756; x_wconf 77' lang='grc' dir='ltr'><em>άρα</em></span> <span class='ocrx_word' id='word_1_61' title='bbox 1892 689 1983 742; x_wconf 83' lang='grc' dir='ltr'><em>και</em></span> 
     </span>
    </p>

    <p class='ocr_par' dir='ltr' id='par_1_3' title="bbox 244 764 2026 1418">
     <span class='ocr_line' id='line_1_8' title="bbox 244 764 1982 844; baseline -0.001 -18"><span class='ocrx_word' id='word_1_62' title='bbox 244 785 274 826; x_wconf 85' lang='lat' dir='ltr'>C</span> <span class='ocrx_word' id='word_1_63' title='bbox 307 772 575 844; x_wconf 81' lang='grc' dir='ltr'><em>ἀνόμοιον</em></span> <span class='ocrx_word' id='word_1_64' title='bbox 594 777 745 827; x_wconf 81' lang='grc' dir='ltr'><em>ἔσται</em></span> <span class='ocrx_word' id='word_1_65' title='bbox 763 769 823 826; x_wconf 83' lang='grc' dir='ltr'><em>τὸ</em></span> <span class='ocrx_word' id='word_1_66' title='bbox 849 772 911 825; x_wconf 76' lang='grc' dir='ltr'><em>ἓν</em></span> <span class='ocrx_word' id='word_1_67' title='bbox 930 781 1043 834; x_wconf 81' lang='grc' dir='ltr'><em>τοῖς</em></span> <span class='ocrx_word' id='word_1_68' title='bbox 1061 769 1248 835; x_wconf 80' lang='grc' dir='ltr'><em>άλλοις</em></span> <span class='ocrx_word' id='word_1_69' title='bbox 1261 814 1274 839; x_wconf 85' lang='grc'><em>,</em></span> <span class='ocrx_word' id='word_1_70' title='bbox 1294 764 1333 843; x_wconf 80' lang='grc' dir='ltr'><strong><em>ἦ</em></strong></span> <span class='ocrx_word' id='word_1_71' title='bbox 1349 771 1451 841; x_wconf 77' lang='grc' dir='ltr'><em>μὲν</em></span> <span class='ocrx_word' id='word_1_72' title='bbox 1470 771 1686 840; x_wconf 80' lang='grc' dir='ltr'><em>ἕτερον,</em></span> <span class='ocrx_word' id='word_1_73' title='bbox 1712 767 1922 840; x_wconf 79' lang='grc' dir='ltr'><em>ὅμοιον,</em></span> <span class='ocrx_word' id='word_1_74' title='bbox 1946 771 1982 841; x_wconf 69' lang='grc' dir='ltr'><em>ᾖ</em></span> 
     </span>
     <span class='ocr_line' id='line_1_9' title="bbox 306 850 1981 925; baseline -0.003 -14"><span class='ocrx_word' id='word_1_75' title='bbox 306 857 365 911; x_wconf 79' lang='grc' dir='ltr'><em>δὲ</em></span> <span class='ocrx_word' id='word_1_76' title='bbox 401 853 634 925; x_wconf 82' lang='grc' dir='ltr'><em>ταύτόν,</em></span> <span class='ocrx_word' id='word_1_77' title='bbox 671 851 955 923; x_wconf 78' lang='grc' dir='ltr'><em>ἀνόμοιον.</em></span> <span class='ocrx_word' id='word_1_78' title='bbox 1012 850 1158 921; x_wconf 70' lang='grc' dir='ltr'><em>’Έχει</em></span> <span class='ocrx_word' id='word_1_79' title='bbox 1193 850 1297 922; x_wconf 79' lang='grc' dir='ltr'><em>γὰρ</em></span> <span class='ocrx_word' id='word_1_80' title='bbox 1330 856 1435 907; x_wconf 84' lang='grc' dir='ltr'><em>οὐν</em></span> <span class='ocrx_word' id='word_1_81' title='bbox 1455 851 1522 922; x_wconf 77' lang='grc' dir='ltr'><em>δή</em></span> <span class='ocrx_word' id='word_1_82' title='bbox 1537 894 1551 921; x_wconf 92' lang='grc'><em>,</em></span> <span class='ocrx_word' id='word_1_83' title='bbox 1593 874 1666 916; x_wconf 81' lang='grc' dir='ltr'><em>ως</em></span> <span class='ocrx_word' id='word_1_84' title='bbox 1684 855 1851 921; x_wconf 81' lang='grc' dir='ltr'><em>ἔοικε,</em></span> <span class='ocrx_word' id='word_1_85' title='bbox 1892 854 1981 906; x_wconf 71' lang='grc' dir='ltr'><em>καὶ</em></span> 
     </span>
     <span class='ocr_line' id='line_1_10' title="bbox 305 932 1973 1006; baseline -0.002 -15"><span class='ocrx_word' id='word_1_86' title='bbox 305 943 561 992; x_wconf 86' lang='grc' dir='ltr'><em>τοιοῦτον</em></span> <span class='ocrx_word' id='word_1_87' title='bbox 580 935 766 1005; x_wconf 80' lang='grc' dir='ltr'><em>λόγον.</em></span> <span class='ocrx_word' id='word_1_88' title='bbox 826 935 935 990; x_wconf 88' lang='grc' dir='ltr'><em>Καὶ</em></span> <span class='ocrx_word' id='word_1_89' title='bbox 958 932 1064 1003; x_wconf 76' lang='grc' dir='ltr'><em>γὰρ</em></span> <span class='ocrx_word' id='word_1_90' title='bbox 1083 933 1286 990; x_wconf 77' lang='grc' dir='ltr'><em>τόνδε’</em></span> <span class='ocrx_word' id='word_1_91' title='bbox 1266 942 1386 1006; x_wconf 87' lang='grc' dir='ltr'><em>έχει,</em></span> <span class='ocrx_word' id='word_1_92' title='bbox 1465 941 1628 999; x_wconf 87' lang='grc' dir='ltr'><em>Τίνα;</em></span> <span class='ocrx_word' id='word_1_93' title='bbox 1662 937 1748 989; x_wconf 89' lang='grc' dir='ltr'><em>Ηι</em></span> <span class='ocrx_word' id='word_1_94' title='bbox 1777 932 1973 989; x_wconf 68' lang='grc' dir='ltr'><em>ταύτὸν</em></span> 
     </span>
     <span class='ocr_line' id='line_1_11' title="bbox 305 1014 1975 1090; baseline -0.002 -17"><span class='ocrx_word' id='word_1_95' title='bbox 305 1021 580 1090; x_wconf 86' lang='grc' dir='ltr'><em>πέπονθε,</em></span> <span class='ocrx_word' id='word_1_96' title='bbox 615 1015 687 1088; x_wconf 87' lang='grc' dir='ltr'><em>μὴ</em></span> <span class='ocrx_word' id='word_1_97' title='bbox 714 1014 937 1071; x_wconf 77' lang='grc' dir='ltr'><em>ἀλλοῖον</em></span> <span class='ocrx_word' id='word_1_98' title='bbox 956 1019 1323 1087; x_wconf 80' lang='grc' dir='ltr'><em>πεπονθέναι,</em></span> <span class='ocrx_word' id='word_1_99' title='bbox 1354 1015 1426 1088; x_wconf 82' lang='grc' dir='ltr'><em>μὴ</em></span> <span class='ocrx_word' id='word_1_100' title='bbox 1448 1015 1672 1072; x_wconf 70' lang='grc' dir='ltr'><em>ἀλλοῖον</em></span> <span class='ocrx_word' id='word_1_101' title='bbox 1693 1016 1751 1072; x_wconf 78' lang='grc' dir='ltr'><em>δὲ</em></span> <span class='ocrx_word' id='word_1_102' title='bbox 1773 1035 1975 1071; x_wconf 68' lang='grc' dir='ltr'><em>πεπον-</em></span> 
     </span>
     <span class='ocr_line' id='line_1_12' title="bbox 304 1092 1977 1172; baseline -0.002 -16"><span class='ocrx_word' id='word_1_103' title='bbox 304 1100 408 1165; x_wconf 80' lang='grc' dir='ltr'><em>θὸς</em></span> <span class='ocrx_word' id='word_1_104' title='bbox 427 1099 501 1172; x_wconf 85' lang='grc' dir='ltr'><em>μὴ</em></span> <span class='ocrx_word' id='word_1_105' title='bbox 524 1099 819 1170; x_wconf 74' lang='grc' dir='ltr'><em>ἀνόμοιον,</em></span> <span class='ocrx_word' id='word_1_106' title='bbox 843 1100 915 1170; x_wconf 81' lang='grc' dir='ltr'><em>μὴ</em></span> <span class='ocrx_word' id='word_1_107' title='bbox 939 1098 1207 1169; x_wconf 83' lang='grc' dir='ltr'><em>ἀνόμοιον</em></span> <span class='ocrx_word' id='word_1_108' title='bbox 1228 1100 1286 1155; x_wconf 78' lang='grc' dir='ltr'><em>δὲ</em></span> <span class='ocrx_word' id='word_1_109' title='bbox 1306 1098 1504 1170; x_wconf 78' lang='grc' dir='ltr'><em>ὅμοιον</em></span> <span class='ocrx_word' id='word_1_110' title='bbox 1524 1098 1662 1154; x_wconf 82' lang='grc' dir='ltr'><em>εἶναι</em></span> <span class='ocrx_word' id='word_1_111' title='bbox 1677 1120 1687 1130; x_wconf 94' lang='grc'><em>·</em></span> <span class='ocrx_word' id='word_1_112' title='bbox 1708 1092 1747 1171; x_wconf 78' lang='grc' dir='ltr'><em>ᾗ</em></span> <span class='ocrx_word' id='word_1_113' title='bbox 1766 1096 1818 1153; x_wconf 79' lang='grc' dir='ltr'><em>δ’</em></span> <span class='ocrx_word' id='word_1_114' title='bbox 1842 1098 1977 1154; x_wconf 79' lang='grc' dir='ltr'><em>ἄλλο</em></span> 
     </span>
     <span class='ocr_line' id='line_1_13' title="bbox 303 1177 1980 1252; baseline -0.002 -14"><span class='ocrx_word' id='word_1_115' title='bbox 303 1187 603 1251; x_wconf 82' lang='grc' dir='ltr'><em>πέπονθεν,</em></span> <span class='ocrx_word' id='word_1_116' title='bbox 625 1181 864 1252; x_wconf 76' lang='grc' dir='ltr'><em>ἀλλοῖον,</em></span> <span class='ocrx_word' id='word_1_117' title='bbox 888 1180 1114 1237; x_wconf 72' lang='grc' dir='ltr'><em>ἀλλοῖον</em></span> <span class='ocrx_word' id='word_1_118' title='bbox 1133 1181 1192 1237; x_wconf 76' lang='grc' dir='ltr'><em>δὲ</em></span> <span class='ocrx_word' id='word_1_119' title='bbox 1212 1177 1279 1237; x_wconf 83' lang='grc' dir='ltr'><em>ὂν</em></span> <span class='ocrx_word' id='word_1_120' title='bbox 1300 1179 1566 1251; x_wconf 72' lang='grc' dir='ltr'><em>ἀνόμοιον</em></span> <span class='ocrx_word' id='word_1_121' title='bbox 1587 1180 1740 1239; x_wconf 84' lang='grc' dir='ltr'><em>εἶναι.</em></span> <span class='ocrx_word' id='word_1_122' title='bbox 1771 1178 1980 1251; x_wconf 83' lang='grc' dir='ltr'><em>Ἀληθῆ</em></span> 
     </span>
     <span class='ocr_line' id='line_1_14' title="bbox 302 1260 1980 1335; baseline -0.002 -15"><span class='ocrx_word' id='word_1_123' title='bbox 302 1268 489 1335; x_wconf 76' lang='grc' dir='ltr'><em>λέγεις.</em></span> <span class='ocrx_word' id='word_1_124' title='bbox 545 1262 764 1319; x_wconf 82' lang='grc' dir='ltr'><em>Ταύτόν</em></span> <span class='ocrx_word' id='word_1_125' title='bbox 782 1286 840 1319; x_wconf 92' lang='grc' dir='ltr'><em>τε</em></span> <span class='ocrx_word' id='word_1_126' title='bbox 859 1263 967 1334; x_wconf 76' lang='grc' dir='ltr'><em>ἄρα</em></span> <span class='ocrx_word' id='word_1_127' title='bbox 986 1260 1054 1318; x_wconf 81' lang='grc' dir='ltr'><em>ὂν</em></span> <span class='ocrx_word' id='word_1_128' title='bbox 1075 1262 1135 1318; x_wconf 85' lang='grc' dir='ltr'><em>τὸ</em></span> <span class='ocrx_word' id='word_1_129' title='bbox 1159 1265 1219 1317; x_wconf 74' lang='grc' dir='ltr'><em>ἓν</em></span> <span class='ocrx_word' id='word_1_130' title='bbox 1238 1274 1349 1325; x_wconf 79' lang='grc' dir='ltr'><em>τοῖς</em></span> <span class='ocrx_word' id='word_1_131' title='bbox 1369 1260 1554 1326; x_wconf 72' lang='grc' dir='ltr'><em>ἄλλοις</em></span> <span class='ocrx_word' id='word_1_132' title='bbox 1574 1264 1663 1317; x_wconf 80' lang='grc' dir='ltr'><em>καὶ</em></span> <span class='ocrx_word' id='word_1_133' title='bbox 1682 1261 1767 1317; x_wconf 80' lang='grc' dir='ltr'><em>ὅτι</em></span> <span class='ocrx_word' id='word_1_134' title='bbox 1788 1262 1980 1333; x_wconf 77' lang='grc' dir='ltr'><em>ἕτερόν</em></span> 
     </span>
     <span class='ocr_line' id='line_1_15' title="bbox 300 1341 2026 1418; baseline -0.001 -16"><span class='ocrx_word' id='word_1_135' title='bbox 300 1352 436 1416; x_wconf 85' lang='grc' dir='ltr'><em>ἐστι,</em></span> <span class='ocrx_word' id='word_1_136' title='bbox 475 1344 596 1401; x_wconf 83' lang='grc' dir='ltr'><em>κατ’</em></span> <span class='ocrx_word' id='word_1_137' title='bbox 630 1345 915 1416; x_wconf 71' lang='grc' dir='ltr'><em>ἀμφότερα</em></span> <span class='ocrx_word' id='word_1_138' title='bbox 933 1347 1024 1401; x_wconf 80' lang='grc' dir='ltr'><em>καὶ</em></span> <span class='ocrx_word' id='word_1_139' title='bbox 1043 1368 1113 1400; x_wconf 84' lang='grc' dir='ltr'><em>κα</em></span> <span class='ocrx_word' id='word_1_140' title='bbox 1123 1344 1179 1400; x_wconf 77' lang='grc' dir='ltr'><em>θ’</em></span> <span class='ocrx_word' id='word_1_141' title='bbox 1203 1345 1492 1416; x_wconf 78' lang='grc' dir='ltr'><em>ἑκάτερον,</em></span> <span class='ocrx_word' id='word_1_142' title='bbox 1514 1343 1710 1416; x_wconf 84' lang='grc' dir='ltr'><em>ὅμοιόν</em></span> <span class='ocrx_word' id='word_1_143' title='bbox 1727 1367 1785 1401; x_wconf 90' lang='grc' dir='ltr'><em>τε</em></span> <span class='ocrx_word' id='word_1_144' title='bbox 1805 1341 1875 1400; x_wconf 71' lang='grc' dir='ltr'><em>ἂν</em></span> <span class='ocrx_word' id='word_1_145' title='bbox 1894 1354 1975 1416; x_wconf 76' lang='grc' dir='ltr'><em>εἴη</em></span> <span class='ocrx_word' id='word_1_146' title='bbox 2019 1415 2026 1418; x_wconf 17' lang='grc' dir='ltr'><strong><em>φ</em></strong></span> 
     </span>
    </p>

    <p class='ocr_par' dir='ltr' id='par_1_4' title="bbox 236 1426 1981 1994">
     <span class='ocr_line' id='line_1_16' title="bbox 236 1426 1978 1503; baseline -0.001 -18"><span class='ocrx_word' id='word_1_147' title='bbox 236 1446 269 1486; x_wconf 87' lang='lat' dir='ltr'>D</span> <span class='ocrx_word' id='word_1_148' title='bbox 302 1431 392 1484; x_wconf 85' lang='grc' dir='ltr'><em>καὶ</em></span> <span class='ocrx_word' id='word_1_149' title='bbox 413 1427 682 1499; x_wconf 73' lang='grc' dir='ltr'><em>ἀνόμοιον</em></span> <span class='ocrx_word' id='word_1_150' title='bbox 700 1438 811 1491; x_wconf 85' lang='grc' dir='ltr'><em>τοῖς</em></span> <span class='ocrx_word' id='word_1_151' title='bbox 830 1426 1032 1491; x_wconf 81' lang='grc' dir='ltr'><em>ἄλλοις.</em></span> <span class='ocrx_word' id='word_1_152' title='bbox 1089 1427 1254 1482; x_wconf 85' lang='grc' dir='ltr'><em>Πάνυ</em></span> <span class='ocrx_word' id='word_1_153' title='bbox 1283 1450 1360 1497; x_wconf 80' lang='grc' dir='ltr'><em>γε.</em></span> <span class='ocrx_word' id='word_1_154' title='bbox 1420 1426 1651 1483; x_wconf 82' lang='grc' dir='ltr'><em>Οὐκοῦν</em></span> <span class='ocrx_word' id='word_1_155' title='bbox 1680 1430 1772 1484; x_wconf 79' lang='grc' dir='ltr'><em>καὶ</em></span> <span class='ocrx_word' id='word_1_156' title='bbox 1800 1430 1978 1503; x_wconf 75' lang='grc' dir='ltr'><em>ἑαυτῷ</em></span> 
     </span>
     <span class='ocr_line' id='line_1_17' title="bbox 300 1507 1979 1584; baseline -0.001 -17"><span class='ocrx_word' id='word_1_157' title='bbox 300 1510 590 1580; x_wconf 78' lang='grc' dir='ltr'><em>ὡσαύτως,</em></span> <span class='ocrx_word' id='word_1_158' title='bbox 628 1513 848 1579; x_wconf 74' lang='grc' dir='ltr'><em>ἐπείπερ</em></span> <span class='ocrx_word' id='word_1_159' title='bbox 882 1507 1074 1579; x_wconf 80' lang='grc' dir='ltr'><em>ἕτερόν</em></span> <span class='ocrx_word' id='word_1_160' title='bbox 1109 1531 1167 1564; x_wconf 88' lang='grc' dir='ltr'><em>τε</em></span> <span class='ocrx_word' id='word_1_161' title='bbox 1205 1512 1407 1566; x_wconf 79' lang='grc' dir='ltr'><em>ἑαυτοῦ</em></span> <span class='ocrx_word' id='word_1_162' title='bbox 1444 1511 1535 1566; x_wconf 86' lang='grc' dir='ltr'><em>καὶ</em></span> <span class='ocrx_word' id='word_1_163' title='bbox 1565 1508 1771 1565; x_wconf 82' lang='grc' dir='ltr'><em>ταύτὸν</em></span> <span class='ocrx_word' id='word_1_164' title='bbox 1800 1512 1979 1584; x_wconf 78' lang='grc' dir='ltr'><em>ἑαυτῷ</em></span> 
     </span>
     <span class='ocr_line' id='line_1_18' title="bbox 297 1590 1978 1664; baseline 0 -15"><span class='ocrx_word' id='word_1_165' title='bbox 297 1594 494 1664; x_wconf 82' lang='grc' dir='ltr'><em>ἐφάνη,</em></span> <span class='ocrx_word' id='word_1_166' title='bbox 536 1591 655 1648; x_wconf 84' lang='grc' dir='ltr'><em>κατ’</em></span> <span class='ocrx_word' id='word_1_167' title='bbox 691 1590 976 1663; x_wconf 76' lang='grc' dir='ltr'><em>ἀμφότερα</em></span> <span class='ocrx_word' id='word_1_168' title='bbox 1009 1595 1098 1647; x_wconf 84' lang='grc' dir='ltr'><em>καὶ</em></span> <span class='ocrx_word' id='word_1_169' title='bbox 1129 1593 1391 1663; x_wconf 75' lang='grc' dir='ltr'><em>ἑκάτερον</em></span> <span class='ocrx_word' id='word_1_170' title='bbox 1420 1592 1618 1664; x_wconf 80' lang='grc' dir='ltr'><em>ὅμοιόν</em></span> <span class='ocrx_word' id='word_1_171' title='bbox 1645 1615 1702 1648; x_wconf 88' lang='grc' dir='ltr'><em>τε</em></span> <span class='ocrx_word' id='word_1_172' title='bbox 1733 1595 1825 1648; x_wconf 79' lang='grc' dir='ltr'><em>καὶ</em></span> <span class='ocrx_word' id='word_1_173' title='bbox 1843 1592 1978 1649; x_wconf 80' lang='grc' dir='ltr'><em>ἄνθ’-</em></span> 
     </span>
     <span class='ocr_line' id='line_1_19' title="bbox 294 1672 1978 1746; baseline -0.001 -15"><span class='ocrx_word' id='word_1_174' title='bbox 294 1698 456 1746; x_wconf 87' lang='grc' dir='ltr'><em>μοιον</em></span> <span class='ocrx_word' id='word_1_175' title='bbox 494 1676 824 1746; x_wconf 85' lang='grc' dir='ltr'><em>φανήσεται;</em></span> <span class='ocrx_word' id='word_1_176' title='bbox 856 1672 1108 1745; x_wconf 84' lang='grc' dir='ltr'><em>Ἀνάγκη.</em></span> <span class='ocrx_word' id='word_1_177' title='bbox 1152 1679 1220 1730; x_wconf 89' lang='grc' dir='ltr'><em>Τί</em></span> <span class='ocrx_word' id='word_1_178' title='bbox 1235 1673 1294 1729; x_wconf 76' lang='grc' dir='ltr'><em>δὲ</em></span> <span class='ocrx_word' id='word_1_179' title='bbox 1313 1674 1404 1745; x_wconf 82' lang='grc' dir='ltr'><em>ὃή;</em></span> <span class='ocrx_word' id='word_1_180' title='bbox 1441 1676 1564 1742; x_wconf 78' lang='grc' dir='ltr'><em>περὶ</em></span> <span class='ocrx_word' id='word_1_181' title='bbox 1582 1681 1683 1731; x_wconf 87' lang='grc' dir='ltr'><em>τοῦ</em></span> <span class='ocrx_word' id='word_1_182' title='bbox 1704 1674 1978 1732; x_wconf 79' lang='grc' dir='ltr'><em>ἅπτεσθαι</em></span> 
     </span>
     <span class='ocr_line' id='line_1_20' title="bbox 299 1755 1981 1831; baseline 0.001 -19"><span class='ocrx_word' id='word_1_183' title='bbox 299 1756 359 1812; x_wconf 85' lang='grc' dir='ltr'>τό</span> <span class='ocrx_word' id='word_1_184' title='bbox 385 1760 446 1812; x_wconf 74' lang='grc' dir='ltr'><em>ἓν</em></span> <span class='ocrx_word' id='word_1_185' title='bbox 466 1756 643 1813; x_wconf 82' lang='grc' dir='ltr'><em>αὑτοῦ</em></span> <span class='ocrx_word' id='word_1_186' title='bbox 662 1760 884 1813; x_wconf 76' lang='grc' dir='ltr'><em>καὶτῶν</em></span> <span class='ocrx_word' id='word_1_187' title='bbox 902 1755 1088 1813; x_wconf 74' lang='grc' dir='ltr'><em>ἄλλων</em></span> <span class='ocrx_word' id='word_1_188' title='bbox 1107 1759 1197 1813; x_wconf 81' lang='grc' dir='ltr'><em>καὶ</em></span> <span class='ocrx_word' id='word_1_189' title='bbox 1213 1763 1315 1812; x_wconf 82' lang='grc' dir='ltr'><em>τοῦ</em></span> <span class='ocrx_word' id='word_1_190' title='bbox 1333 1755 1406 1827; x_wconf 84' lang='grc' dir='ltr'><em>μὴ</em></span> <span class='ocrx_word' id='word_1_191' title='bbox 1428 1755 1702 1813; x_wconf 77' lang='grc' dir='ltr'><em>ἅπτεσθαι</em></span> <span class='ocrx_word' id='word_1_192' title='bbox 1720 1761 1843 1831; x_wconf 76' lang='grc' dir='ltr'><em>πέρι</em></span> <span class='ocrx_word' id='word_1_193' title='bbox 1862 1764 1981 1822; x_wconf 73' lang='grc' dir='ltr'><em>πῶς</em></span> 
     </span>
     <span class='ocr_line' id='line_1_21' title="bbox 296 1837 1981 1914; baseline 0.001 -19"><span class='ocrx_word' id='word_1_194' title='bbox 296 1844 429 1911; x_wconf 72' lang='grc' dir='ltr'><em>ἔχεις</em></span> <span class='ocrx_word' id='word_1_195' title='bbox 468 1841 680 1897; x_wconf 82' lang='grc' dir='ltr'><em>σκόπει.</em></span> <span class='ocrx_word' id='word_1_196' title='bbox 717 1846 940 1896; x_wconf 75' lang='grc' dir='ltr'><em>Σκοπῶ.</em></span> <span class='ocrx_word' id='word_1_197' title='bbox 986 1837 1138 1895; x_wconf 82' lang='grc' dir='ltr'><em>Αὐτὸ</em></span> <span class='ocrx_word' id='word_1_198' title='bbox 1160 1861 1268 1909; x_wconf 80' lang='grc' dir='ltr'><em>γαρ</em></span> <span class='ocrx_word' id='word_1_199' title='bbox 1288 1859 1399 1894; x_wconf 90' lang='grc' dir='ltr'><em>που</em></span> <span class='ocrx_word' id='word_1_200' title='bbox 1418 1841 1530 1894; x_wconf 85' lang='grc' dir='ltr'><em>ἐν</em></span> <span class='ocrx_word' id='word_1_201' title='bbox 1500 1846 1676 1914; x_wconf 81' lang='grc' dir='ltr'><em>εαυτςό</em></span> <span class='ocrx_word' id='word_1_202' title='bbox 1699 1839 1812 1913; x_wconf 78' lang='grc' dir='ltr'><em>ὅλῳ</em></span> <span class='ocrx_word' id='word_1_203' title='bbox 1830 1839 1890 1895; x_wconf 86' lang='grc' dir='ltr'>τό</span> <span class='ocrx_word' id='word_1_204' title='bbox 1916 1843 1981 1896; x_wconf 74' lang='grc' dir='ltr'><em>ἓν</em></span> 
     </span>
     <span class='ocr_line' id='line_1_22' title="bbox 295 1919 1971 1994; baseline 0 -17"><span class='ocrx_word' id='word_1_205' title='bbox 295 1923 472 1994; x_wconf 85' lang='grc' dir='ltr'><em>ἐφάνη</em></span> <span class='ocrx_word' id='word_1_206' title='bbox 495 1921 578 1979; x_wconf 85' lang='grc' dir='ltr'><em>όν.</em></span> <span class='ocrx_word' id='word_1_207' title='bbox 610 1921 838 1994; x_wconf 73' lang='grc' dir='ltr'><em>Ὀρθῶς.</em></span> <span class='ocrx_word' id='word_1_208' title='bbox 880 1920 1111 1978; x_wconf 83' lang='grc' dir='ltr'><em>Οὐκοῦν</em></span> <span class='ocrx_word' id='word_1_209' title='bbox 1129 1922 1220 1976; x_wconf 85' lang='grc' dir='ltr'><em>καὶ</em></span> <span class='ocrx_word' id='word_1_210' title='bbox 1238 1924 1300 1976; x_wconf 85' lang='grc' dir='ltr'><em>ἐν</em></span> <span class='ocrx_word' id='word_1_211' title='bbox 1317 1933 1429 1986; x_wconf 80' lang='grc' dir='ltr'><em>τοῖς</em></span> <span class='ocrx_word' id='word_1_212' title='bbox 1446 1919 1632 1986; x_wconf 76' lang='grc' dir='ltr'><em>ἄλλοις</em></span> <span class='ocrx_word' id='word_1_213' title='bbox 1652 1919 1713 1976; x_wconf 81' lang='grc' dir='ltr'><em>τὸ</em></span> <span class='ocrx_word' id='word_1_214' title='bbox 1735 1923 1825 1987; x_wconf 83' lang='grc' dir='ltr'><em>ἕ;ν</em></span> <span class='ocrx_word' id='word_1_215' title='bbox 1844 1927 1971 1977; x_wconf 92' lang='grc' dir='ltr'><em>Ναι.</em></span> 
     </span>
    </p>

    <p class='ocr_par' dir='ltr' id='par_1_5' title="bbox 233 1997 1977 2819">
     <span class='ocr_line' id='line_1_23' title="bbox 233 1997 1977 2078; baseline -0.001 -18"><span class='ocrx_word' id='word_1_216' title='bbox 233 2022 265 2061; x_wconf 83' lang='grc' dir='ltr'><em>Ε</em></span> <span class='ocrx_word' id='word_1_217' title='bbox 287 2000 376 2061; x_wconf 61' lang='lat' dir='ltr'><em>‘Ha</em></span> <span class='ocrx_word' id='word_1_218' title='bbox 401 2010 502 2078; x_wconf 78' lang='grc' dir='ltr'><em>μὲν</em></span> <span class='ocrx_word' id='word_1_219' title='bbox 521 2006 628 2076; x_wconf 79' lang='grc' dir='ltr'><em>ἄρα</em></span> <span class='ocrx_word' id='word_1_220' title='bbox 649 2008 711 2062; x_wconf 84' lang='grc' dir='ltr'><em>ἐν</em></span> <span class='ocrx_word' id='word_1_221' title='bbox 727 2018 840 2071; x_wconf 81' lang='grc' dir='ltr'><em>τοῖς</em></span> <span class='ocrx_word' id='word_1_222' title='bbox 871 2004 1084 2074; x_wconf 83' lang='grc' dir='ltr'><em>άλλοις,</em></span> <span class='ocrx_word' id='word_1_223' title='bbox 1121 2026 1232 2059; x_wconf 86' lang='grc' dir='ltr'><em>των</em></span> <span class='ocrx_word' id='word_1_224' title='bbox 1262 2002 1449 2060; x_wconf 74' lang='grc' dir='ltr'><em>ἄλλων</em></span> <span class='ocrx_word' id='word_1_225' title='bbox 1477 2002 1692 2060; x_wconf 78' lang='grc' dir='ltr'><em>ἅπτοιτ’</em></span> <span class='ocrx_word' id='word_1_226' title='bbox 1722 2002 1819 2059; x_wconf 74' lang='grc' dir='ltr'><em>ἄν·</em></span> <span class='ocrx_word' id='word_1_227' title='bbox 1859 1997 1897 2076; x_wconf 80' lang='grc' dir='ltr'><em>ᾗ</em></span> <span class='ocrx_word' id='word_1_228' title='bbox 1917 2003 1977 2059; x_wconf 81' lang='grc' dir='ltr'><em>δε</em></span> 
     </span>
     <span class='ocr_line' id='line_1_24' title="bbox 296 2084 1972 2162; baseline -0.002 -19"><span class='ocrx_word' id='word_1_229' title='bbox 296 2087 429 2144; x_wconf 86' lang='grc' dir='ltr'><em>αυτὸ</em></span> <span class='ocrx_word' id='word_1_230' title='bbox 473 2092 531 2144; x_wconf 86' lang='grc' dir='ltr'><em>ἐν</em></span> <span class='ocrx_word' id='word_1_231' title='bbox 570 2090 774 2162; x_wconf 74' lang='grc' dir='ltr'><em>ἑαυτῷ,</em></span> <span class='ocrx_word' id='word_1_232' title='bbox 821 2110 935 2143; x_wconf 85' lang='grc' dir='ltr'><em>των</em></span> <span class='ocrx_word' id='word_1_233' title='bbox 973 2109 1075 2158; x_wconf 90' lang='grc' dir='ltr'><em>μεν</em></span> <span class='ocrx_word' id='word_1_234' title='bbox 1110 2084 1296 2142; x_wconf 86' lang='grc' dir='ltr'><em>άλλων</em></span> <span class='ocrx_word' id='word_1_235' title='bbox 1330 2084 1644 2158; x_wconf 78' lang='grc' dir='ltr'><em>ἀπείργοιτο</em></span> <span class='ocrx_word' id='word_1_236' title='bbox 1682 2084 1972 2155; x_wconf 78' lang='grc' dir='ltr'><em>ἅπτεσθαι,</em></span> 
     </span>
     <span class='ocr_line' id='line_1_25' title="bbox 297 2131 1976 2243; baseline -0.002 -16"><span class='ocrx_word' id='word_1_237' title='bbox 297 2169 431 2227; x_wconf 80' lang='grc' dir='ltr'><em>αὐτὸ</em></span> <span class='ocrx_word' id='word_1_238' title='bbox 455 2171 513 2227; x_wconf 79' lang='grc' dir='ltr'><em>δὲ</em></span> <span class='ocrx_word' id='word_1_239' title='bbox 532 2169 710 2227; x_wconf 82' lang='grc' dir='ltr'><em>αὑτοῦ</em></span> <span class='ocrx_word' id='word_1_240' title='bbox 728 2131 944 2227; x_wconf 52' lang='grc' dir='ltr'><em>ἇῖπτοιί</em></span> <span class='ocrx_word' id='word_1_241' title='bbox 967 2166 1040 2225; x_wconf 68' lang='grc' dir='ltr'><em>ἂν</em></span> <span class='ocrx_word' id='word_1_242' title='bbox 1059 2172 1120 2226; x_wconf 83' lang='grc' dir='ltr'><em>ἐν</em></span> <span class='ocrx_word' id='word_1_243' title='bbox 1139 2171 1318 2243; x_wconf 77' lang='grc' dir='ltr'><em>ἑαυτῷ</em></span> <span class='ocrx_word' id='word_1_244' title='bbox 1335 2169 1419 2225; x_wconf 84' lang='grc' dir='ltr'><em>ὅν.</em></span> <span class='ocrx_word' id='word_1_245' title='bbox 1475 2174 1751 2225; x_wconf 89' lang='grc' dir='ltr'><em>Φαίνεται.</em></span> <span class='ocrx_word' id='word_1_246' title='bbox 1812 2167 1976 2225; x_wconf 81' lang='grc' dir='ltr'><em>Οὕτω</em></span> 
     </span>
     <span class='ocr_line' id='line_1_26' title="bbox 295 2249 1975 2323; baseline -0.002 -14"><span class='ocrx_word' id='word_1_247' title='bbox 295 2252 395 2323; x_wconf 71' lang='grc' dir='ltr'><em>μὲν</em></span> <span class='ocrx_word' id='word_1_248' title='bbox 416 2251 482 2323; x_wconf 79' lang='grc' dir='ltr'><em>δὴ</em></span> <span class='ocrx_word' id='word_1_249' title='bbox 505 2251 716 2310; x_wconf 83' lang='grc' dir='ltr'><em>ἅπτοιτ’</em></span> <span class='ocrx_word' id='word_1_250' title='bbox 751 2250 824 2309; x_wconf 72' lang='grc' dir='ltr'><em>ἂν</em></span> <span class='ocrx_word' id='word_1_251' title='bbox 842 2252 902 2309; x_wconf 90' lang='grc' dir='ltr'>τό</span> <span class='ocrx_word' id='word_1_252' title='bbox 925 2255 987 2308; x_wconf 72' lang='grc' dir='ltr'><em>ἓν</em></span> <span class='ocrx_word' id='word_1_253' title='bbox 1004 2249 1180 2308; x_wconf 78' lang='grc' dir='ltr'><em>αὑτοῦ</em></span> <span class='ocrx_word' id='word_1_254' title='bbox 1197 2274 1254 2308; x_wconf 87' lang='grc' dir='ltr'><em>τε</em></span> <span class='ocrx_word' id='word_1_255' title='bbox 1273 2253 1496 2308; x_wconf 78' lang='grc' dir='ltr'><em>καὶτῶν</em></span> <span class='ocrx_word' id='word_1_256' title='bbox 1513 2250 1712 2307; x_wconf 76' lang='grc' dir='ltr'><em>ἄλλων.</em></span> <span class='ocrx_word' id='word_1_257' title='bbox 1751 2250 1975 2307; x_wconf 57' lang='lat' dir='ltr'><em>‘unzon-</em></span> 
     </span>
     <span class='ocr_line' id='line_1_27' title="bbox 294 2329 1976 2406; baseline 0 -17"><span class='ocrx_word' id='word_1_258' title='bbox 294 2355 371 2390; x_wconf 91' lang='grc' dir='ltr'><em>το.</em></span> <span class='ocrx_word' id='word_1_259' title='bbox 433 2341 502 2390; x_wconf 92' lang='grc' dir='ltr'><em>Τί</em></span> <span class='ocrx_word' id='word_1_260' title='bbox 531 2335 590 2390; x_wconf 77' lang='grc' dir='ltr'><em>δὲ</em></span> <span class='ocrx_word' id='word_1_261' title='bbox 618 2339 770 2406; x_wconf 78' lang='grc' dir='ltr'><em>τῇδε;</em></span> <span class='ocrx_word' id='word_1_262' title='bbox 806 2329 901 2406; x_wconf 77' lang='grc' dir='ltr'><em>ἆρ’</em></span> <span class='ocrx_word' id='word_1_263' title='bbox 945 2333 1014 2391; x_wconf 79' lang='grc' dir='ltr'><em>οὐ</em></span> <span class='ocrx_word' id='word_1_264' title='bbox 1054 2341 1168 2391; x_wconf 86' lang='grc' dir='ltr'><em>πᾶν</em></span> <span class='ocrx_word' id='word_1_265' title='bbox 1203 2333 1264 2390; x_wconf 81' lang='grc' dir='ltr'><em>τὸ</em></span> <span class='ocrx_word' id='word_1_266' title='bbox 1306 2337 1511 2406; x_wconf 84' lang='grc' dir='ltr'><em>μέλλον</em></span> <span class='ocrx_word' id='word_1_267' title='bbox 1546 2333 1796 2401; x_wconf 80' lang='grc' dir='ltr'><em>ἅψεσθαί</em></span> <span class='ocrx_word' id='word_1_268' title='bbox 1826 2353 1976 2398; x_wconf 80' lang='grc' dir='ltr'><em>τινος</em></span> 
     </span>
     <span class='ocr_line' id='line_1_28' title="bbox 295 2411 1975 2492; baseline 0.001 -21"><span class='ocrx_word' id='word_1_269' title='bbox 295 2418 489 2487; x_wconf 79' lang='grc' dir='ltr'><em>ἐφεξῆς</em></span> <span class='ocrx_word' id='word_1_270' title='bbox 521 2420 608 2472; x_wconf 82' lang='grc' dir='ltr'><em>δεῖ</em></span> <span class='ocrx_word' id='word_1_271' title='bbox 631 2425 854 2472; x_wconf 82' lang='grc' dir='ltr'><em>κεῖσθαι</em></span> <span class='ocrx_word' id='word_1_272' title='bbox 884 2420 1075 2492; x_wconf 77' lang='grc' dir='ltr'><em>ἐκείνῳ</em></span> <span class='ocrx_word' id='word_1_273' title='bbox 1107 2411 1176 2474; x_wconf 82' lang='grc' dir='ltr'><em>οὗ</em></span> <span class='ocrx_word' id='word_1_274' title='bbox 1205 2421 1387 2489; x_wconf 83' lang='grc' dir='ltr'><em>μέλλει</em></span> <span class='ocrx_word' id='word_1_275' title='bbox 1424 2416 1725 2485; x_wconf 80' lang='grc' dir='ltr'><em>ἅπτεσθαι,</em></span> <span class='ocrx_word' id='word_1_276' title='bbox 1765 2417 1975 2488; x_wconf 86' lang='grc' dir='ltr'><em>ταύτην</em></span> 
     </span>
     <span class='ocr_line' id='line_1_29' title="bbox 295 2493 1976 2574; baseline -0.001 -20"><span class='ocrx_word' id='word_1_277' title='bbox 295 2498 397 2570; x_wconf 82' lang='grc' dir='ltr'><em>τὴν</em></span> <span class='ocrx_word' id='word_1_278' title='bbox 416 2500 586 2568; x_wconf 77' lang='grc' dir='ltr'><em>ἕδραν</em></span> <span class='ocrx_word' id='word_1_279' title='bbox 603 2504 834 2570; x_wconf 82' lang='grc' dir='ltr'><em>κατέχον</em></span> <span class='ocrx_word' id='word_1_280' title='bbox 853 2497 888 2571; x_wconf 83' lang='grc' dir='ltr'><em>ἣ</em></span> <span class='ocrx_word' id='word_1_281' title='bbox 907 2497 978 2555; x_wconf 71' lang='grc' dir='ltr'><em>ἂν</em></span> <span class='ocrx_word' id='word_1_282' title='bbox 998 2498 1115 2571; x_wconf 86' lang='grc' dir='ltr'><em>μετ’</em></span> <span class='ocrx_word' id='word_1_283' title='bbox 1139 2505 1355 2573; x_wconf 82' lang='grc' dir='ltr'><em>ἐκείνην</em></span> <span class='ocrx_word' id='word_1_284' title='bbox 1373 2494 1410 2574; x_wconf 82' lang='grc' dir='ltr'><strong><em>ἦ</em></strong></span> <span class='ocrx_word' id='word_1_285' title='bbox 1433 2502 1622 2571; x_wconf 79' lang='grc' dir='ltr'><em>[ἕδρα],</em></span> <span class='ocrx_word' id='word_1_286' title='bbox 1643 2493 1682 2572; x_wconf 80' lang='grc' dir='ltr'><em>ᾗ</em></span> <span class='ocrx_word' id='word_1_287' title='bbox 1704 2496 1771 2558; x_wconf 75' lang='grc' dir='ltr'><em>ἂν</em></span> <span class='ocrx_word' id='word_1_288' title='bbox 1789 2503 1976 2571; x_wconf 68' lang='grc' dir='ltr'><em>κέηται</em></span> 
     </span>
     <span class='ocr_line' id='line_1_30' title="bbox 294 2574 1974 2654; baseline -0.001 -18"><span class='ocrx_word' id='word_1_289' title='bbox 294 2574 421 2636; x_wconf 82' lang='grc' dir='ltr'><em>*οὗ*</em></span> <span class='ocrx_word' id='word_1_290' title='bbox 442 2580 692 2646; x_wconf 78' lang='grc' dir='ltr'><em>ἅπτεται;</em></span> <span class='ocrx_word' id='word_1_291' title='bbox 722 2580 973 2654; x_wconf 80' lang='grc' dir='ltr'><em>Ἀνάγκη.</em></span> <span class='ocrx_word' id='word_1_292' title='bbox 1013 2586 1122 2638; x_wconf 84' lang='grc' dir='ltr'><em>Καὶ</em></span> <span class='ocrx_word' id='word_1_293' title='bbox 1140 2582 1199 2639; x_wconf 83' lang='grc' dir='ltr'><em>τὸ</em></span> <span class='ocrx_word' id='word_1_294' title='bbox 1224 2586 1285 2639; x_wconf 74' lang='grc' dir='ltr'><em>ἓν</em></span> <span class='ocrx_word' id='word_1_295' title='bbox 1313 2583 1421 2654; x_wconf 76' lang='grc' dir='ltr'><em>ἄρα</em></span> <span class='ocrx_word' id='word_1_296' title='bbox 1448 2587 1498 2639; x_wconf 82' lang='grc' dir='ltr'><em>εἰ</em></span> <span class='ocrx_word' id='word_1_297' title='bbox 1512 2585 1695 2654; x_wconf 85' lang='grc' dir='ltr'><em>μέλλει</em></span> <span class='ocrx_word' id='word_1_298' title='bbox 1714 2581 1848 2638; x_wconf 84' lang='grc' dir='ltr'><em>αὐτὸ</em></span> <span class='ocrx_word' id='word_1_299' title='bbox 1868 2578 1974 2635; x_wconf 84' lang='grc' dir='ltr'><em>αὑ-</em></span> 
     </span>
     <span class='ocr_line' id='line_1_31' title="bbox 295 2661 1972 2736; baseline -0.001 -17"><span class='ocrx_word' id='word_1_300' title='bbox 295 2669 396 2719; x_wconf 81' lang='grc' dir='ltr'><em>τοῦ</em></span> <span class='ocrx_word' id='word_1_301' title='bbox 424 2661 695 2734; x_wconf 76' lang='grc' dir='ltr'><em>ἅψεσθαι,</em></span> <span class='ocrx_word' id='word_1_302' title='bbox 735 2666 930 2735; x_wconf 80' lang='grc' dir='ltr'><em>ἐφεξῆς</em></span> <span class='ocrx_word' id='word_1_303' title='bbox 958 2669 1045 2721; x_wconf 79' lang='grc' dir='ltr'><em>δεῖ</em></span> <span class='ocrx_word' id='word_1_304' title='bbox 1057 2664 1233 2731; x_wconf 78' lang='grc' dir='ltr'><em>εὐθὺς</em></span> <span class='ocrx_word' id='word_1_305' title='bbox 1252 2663 1382 2736; x_wconf 84' lang='grc' dir='ltr'><em>μεθ’</em></span> <span class='ocrx_word' id='word_1_306' title='bbox 1408 2664 1568 2721; x_wconf 80' lang='grc' dir='ltr'><em>ἑαυτὸ</em></span> <span class='ocrx_word' id='word_1_307' title='bbox 1587 2672 1831 2734; x_wconf 83' lang='grc' dir='ltr'><em>κεῖσθαι,</em></span> <span class='ocrx_word' id='word_1_308' title='bbox 1869 2685 1972 2734; x_wconf 90' lang='grc' dir='ltr'><em>την</em></span> 
     </span>
     <span class='ocr_line' id='line_1_32' title="bbox 294 2740 1970 2819; baseline -0.001 -18"><span class='ocrx_word' id='word_1_309' title='bbox 294 2751 559 2817; x_wconf 82' lang='grc' dir='ltr'><em>ἐχομένην</em></span> <span class='ocrx_word' id='word_1_310' title='bbox 574 2746 763 2816; x_wconf 73' lang='grc' dir='ltr'><em>χώραν</em></span> <span class='ocrx_word' id='word_1_311' title='bbox 781 2750 1011 2817; x_wconf 83' lang='grc' dir='ltr'><em>κατέχον</em></span> <span class='ocrx_word' id='word_1_312' title='bbox 1029 2750 1266 2818; x_wconf 82' lang='grc' dir='ltr'><em>ἐκείνης,</em></span> <span class='ocrx_word' id='word_1_313' title='bbox 1295 2740 1336 2819; x_wconf 78' lang='grc' dir='ltr'><em>ᾗ</em></span> <span class='ocrx_word' id='word_1_314' title='bbox 1353 2745 1491 2801; x_wconf 84' lang='grc' dir='ltr'><em>αὐτό</em></span> <span class='ocrx_word' id='word_1_315' title='bbox 1509 2749 1672 2801; x_wconf 83' lang='grc' dir='ltr'><em>ἐστιν.</em></span> <span class='ocrx_word' id='word_1_316' title='bbox 1728 2753 1837 2801; x_wconf 89' lang='grc' dir='ltr'><em>Δεῖ</em></span> <span class='ocrx_word' id='word_1_317' title='bbox 1864 2745 1970 2815; x_wconf 74' lang='grc' dir='ltr'><em>γὰρ</em></span> 
     </span>
    </p>

    <p class='ocr_par' dir='ltr' id='par_1_6' title="bbox 185 2822 1972 2899">
     <span class='ocr_line' id='line_1_33' title="bbox 185 2822 1972 2899; baseline -0.001 -17"><span class='ocrx_word' id='word_1_318' title='bbox 185 2846 264 2889; x_wconf 78' lang='lat'><em>149</em></span> <span class='ocrx_word' id='word_1_319' title='bbox 294 2822 415 2882; x_wconf 79' lang='grc' dir='ltr'><em>οὖν.</em></span> <span class='ocrx_word' id='word_1_320' title='bbox 480 2826 709 2884; x_wconf 81' lang='grc' dir='ltr'><em>Οὐκοῦν</em></span> <span class='ocrx_word' id='word_1_321' title='bbox 731 2827 833 2883; x_wconf 81' lang='grc' dir='ltr'><em>δύο</em></span> <span class='ocrx_word' id='word_1_322' title='bbox 857 2830 958 2898; x_wconf 77' lang='grc' dir='ltr'><em>μὲν</em></span> <span class='ocrx_word' id='word_1_323' title='bbox 977 2825 1045 2884; x_wconf 79' lang='grc' dir='ltr'><em>ὂν</em></span> <span class='ocrx_word' id='word_1_324' title='bbox 1064 2828 1124 2884; x_wconf 83' lang='grc' dir='ltr'><em>τὸ</em></span> <span class='ocrx_word' id='word_1_325' title='bbox 1146 2833 1206 2884; x_wconf 75' lang='grc' dir='ltr'><em>ἓν</em></span> <span class='ocrx_word' id='word_1_326' title='bbox 1225 2831 1502 2899; x_wconf 85' lang='grc' dir='ltr'><em>ποιήσειεν</em></span> <span class='ocrx_word' id='word_1_327' title='bbox 1521 2824 1593 2882; x_wconf 73' lang='grc' dir='ltr'><em>ἂν</em></span> <span class='ocrx_word' id='word_1_328' title='bbox 1611 2833 1783 2882; x_wconf 84' lang='grc' dir='ltr'><em>ταῦτα</em></span> <span class='ocrx_word' id='word_1_329' title='bbox 1802 2830 1892 2882; x_wconf 86' lang='grc' dir='ltr'><em>καὶ</em></span> <span class='ocrx_word' id='word_1_330' title='bbox 1914 2830 1972 2881; x_wconf 81' lang='grc' dir='ltr'><em>ἐν</em></span> 
     </span>
    </p>
   </div>
  </div>
 </body>
</html>
