2028 3198
61 0 158 19 wr-
187 0 333 26 ε-’.τ-
478 4 549 26 .--
590 11 594 14 -
739 0 801 18 *πή
830 15 854 24 „
891 0 935 25 εἰ
966 0 977 6 ‘
1047 6 1061 21 κ
1116 0 1127 8 ·

531 142 1118 200 ΠΑΡΜΕΝΙΔΗΣ.
1634 146 1701 199 13

65 290 259 357 ε’σεως,
293 282 367 357 ἢν
383 283 584 356 Ζήνων
611 281 882 353 ὑπέθετο,
919 288 970 339 εἰ
998 282 1175 338 πολλά
1194 281 1332 351 ἐστι,
1369 287 1426 339 τί
1437 287 1538 356 χρὴ
1562 285 1701 353 ξυμ-

115 391 235 426 νειν
261 370 354 423 καὶ
385 364 571 429 αὐτοῖς
600 377 713 431 τοῖς
731 372 953 430 πολλοῖς
970 363 1110 434 πρὸς
1129 361 1268 420 αὑτὰ
1285 368 1376 421 καὶ
1400 365 1539 436 πρὸς
1555 363 1616 421 τὸ
1637 367 1699 421 ἓν

135 456 214 524 τῷ
243 450 324 505 ἑνὶ
352 448 492 516 πρός
519 468 577 503 τε
603 445 739 502 αὐτὸ
758 445 1008 517 καὶπρὸς
1026 446 1092 501 τὰ
1120 446 1319 502 πολλά·
1356 448 1448 503 καὶ
1465 440 1541 502 αὖ
1558 452 1608 503 εἰ
1623 447 1696 517 μή

113 553 133 586 ι
158 529 366 600 πολλά,
403 529 572 584 πάλιν
603 539 834 584 σκοπεῖν
862 533 918 583 τί
941 529 1275 599 ξυμβήσεται
1303 531 1487 604 καὶτῷ
1508 531 1588 586 ἑνὶ
1606 529 1699 584 καὶ

85 623 134 676 τς
161 616 383 674 πολλοῖς
410 611 501 664 καὶ
527 607 667 679 πρὸς
694 605 834 663 αὑτὰ
862 609 955 664 καὶ
983 606 1124 677 πρὸς
1144 607 1377 679 άλληλα·
1416 612 1507 666 καὶ
1525 603 1695 674 αὖθις
1722 614 1754 657 Β

72 688 212 750 ἐὰν
228 691 422 792 ὑποθῇ
434 734 448 760 ,
493 696 544 748 εί
559 687 752 747 ἔστιν’
728 691 983 761 ομοιότης
997 686 1035 761 ἦ
1054 687 1192 761 εἰμὴ
1213 693 1351 760 ἔστι,
1389 713 1439 747 τι
1432 689 1544 761 ’ἐφ’
1571 692 1701 748 ἑκα-

62 940 144 1007 ερὶ
163 936 434 1008 ἀνομοίου
452 933 481 992 ὁ
502 935 669 1001 αὐτὸς
688 936 879 1007 λόγος,
915 937 1006 991 καὶ
1026 936 1151 1004 περὶ
1171 935 1438 1006 κινήσεως
1455 936 1547 990 καὶ
1566 936 1700 990 στά-

55 1041 185 1090 εως,
223 1021 315 1076 καὶ
333 1021 456 1088 περὶ
474 1020 739 1089 γενέσεως
758 1021 848 1074 καὶ
866 1023 1115 1089 φθορᾶς,
1152 1019 1242 1072 καὶ
1263 1018 1387 1086 περὶ
1407 1015 1582 1072 αὐτοῦ
1601 1023 1701 1071 τοῦ

69 1125 161 1158 ναι
196 1104 287 1158 καὶ
323 1107 425 1157 τοῦ
454 1100 526 1172 μὴ
556 1099 721 1156 εἶναι·
758 1103 850 1156 καὶ
880 1102 961 1156 ἑνὶ
991 1100 1163 1173 λόγῳ,
1200 1100 1324 1170 περὶ
1353 1097 1489 1154 ὅτου
1517 1094 1589 1153 ἂν
1617 1095 1702 1153 άεὶ

33 1178 51 1199 ‘
100 1191 211 1257 οθῇ
242 1183 314 1249 ὥς
344 1183 505 1248 ὄντος
534 1185 625 1238 καὶ
657 1182 728 1248 ὥς
748 1181 850 1238 οὐκ
870 1180 1031 1246 ὄντος
1048 1182 1138 1237 καὶ
1157 1178 1348 1236 ὁτιοῦν
1366 1179 1500 1236 ἄλλο
1520 1180 1702 1245 πάθος

22 1264 355 1335 πάσχοντος,
393 1269 482 1320 δεῖ
509 1277 737 1320 σκοπεῖν
772 1263 836 1319 τὰ
875 1268 1246 1334 ξυμβαίνοντα
1279 1260 1420 1333 πρὸς
1445 1259 1581 1318 αὐτὸ
1610 1265 1701 1317 καὶ

21 1345 161 1416 πρὸς
187 1349 250 1402 ἓν
277 1348 512 1401 ἕκαστον
540 1352 654 1401 τῶν
681 1344 895 1414 ἄλλων,
933 1343 967 1399 ὅ
993 1366 1045 1399 τι
1072 1341 1144 1399 ἂν
1171 1347 1408 1416 προέλῃ,
1445 1345 1536 1399 καὶ
1564 1345 1702 1413 πρὸς
1730 1355 1759 1392 C

20 1434 191 1483 πλείω
220 1430 311 1484 καὶ
339 1426 477 1497 πρὸς
510 1429 799 1496 ξύμπαντα
831 1423 1117 1490 ὡσαύτως·
1151 1428 1242 1482 καὶ
1273 1420 1446 1481 τᾶλλα
1469 1420 1542 1480 αὖ
1561 1423 1701 1496 πρὸς

21 1507 163 1564 αὑτά
191 1530 249 1564 τε
278 1511 369 1564 καὶ
395 1507 533 1577 πρὸς
562 1507 694 1563 ἄλλο
725 1506 756 1562 ὅ
775 1530 825 1562 τι
844 1503 916 1561 ἄν
936 1514 1175 1579 προαιρῇ
1194 1506 1305 1576 ἀεί,
1345 1507 1445 1562 ἐάν
1462 1529 1519 1562 τε
1540 1505 1614 1572 ὥς
1634 1504 1701 1562 ὂν

22 1587 219 1661 ὑποθῇ
250 1588 282 1646 ὃ
311 1588 640 1657 ὑπετίθεσο,
680 1588 779 1643 ἐάν
806 1609 862 1641 τε
896 1584 967 1650 ὡς
985 1585 1057 1657 μὴ
1081 1585 1173 1656 ὅν,
1212 1593 1263 1643 εί
1275 1592 1486 1658 μέλλεις
1505 1590 1699 1653 τελέως

23 1671 448 1743 γυμνασάμενος
477 1675 681 1737 κυρίως
709 1668 1000 1734 διόψεσθαι
1018 1668 1079 1724 τὸ
1100 1668 1320 1741 ἀληθές.
1374 1668 1699 1741 Ἀμήχανον,

22 1755 156 1822 ἔφη,
185 1755 385 1821 λέγεις,
422 1744 466 1805 ὦ
483 1754 803 1820 Παρμενίδη
818 1793 832 1819 ,
854 1757 1256 1822 πραγματείαν,
1279 1753 1370 1807 καὶ
1391 1751 1459 1807 οὐ
1480 1752 1699 1823 σφόδρα

19 1833 320 1904 μανθάνω·
359 1830 499 1887 ἄλλά
526 1853 620 1902 μοι
647 1837 702 1885 τί
725 1830 794 1887 οὐ
823 1835 1049 1901 διῆλθες
1075 1831 1242 1898 αὐτὸς
1260 1831 1611 1904 ὑποθέμενός
1629 1856 1697 1903 τι,

18 1916 111 1972 ἵνα
138 1919 351 1985 μᾶλλον
379 1913 712 1984 καταμάθω;
745 1911 903 1968 Πολύ
925 1918 1114 1984 ἔργον,
1154 1916 1356 1986 φάναι,
1396 1909 1441 1971 ὦ
1462 1915 1699 1985 Σώκρα-
1728 1929 1759 1969 D

18 2016 134 2066 τες,
156 1996 509 2064 προστάττεις
530 1994 603 2060 ὠς
619 1998 901 2068 τηλικῷδε.
953 1994 1116 2051 Ἀλλὰ
1138 1997 1236 2066 σύ,
1259 2002 1433 2053 εἰπεῖν
1453 1997 1551 2052 τὸν
1570 2005 1700 2053 Σω-

18 2078 218 2148 κράτη,
250 2078 478 2149 Ζήνων,
509 2082 564 2132 τί
585 2075 654 2131 ού
674 2081 899 2148 διῆλθες
915 2075 1073 2148 ἡμῖν;
1112 2081 1201 2133 καὶ
1221 2079 1319 2134 τὸν
1338 2079 1574 2149 Ζήνωνα
1595 2084 1698 2150 ἔφη

17 2157 328 2230 γελάσαντα
348 2159 550 2230 φάναι,
589 2157 810 2229 Αὐτοῦ,
847 2154 892 2215 ὦ
911 2161 1233 2230 Σώκρατες,
1265 2161 1522 2231 δεώμεθα
1541 2166 1701 2230 Παρ-

23 2243 278 2311 μενίδου·
317 2239 391 2311 μὴ
423 2240 530 2310 γάρ
561 2238 629 2296 οὐ
656 2248 877 2311 φαῦλον
904 2236 939 2313 ἦ
971 2239 1000 2295 ὃ
1021 2244 1179 2310 λέγει.
1234 2238 1270 2311 ἢ
1291 2238 1389 2311 οὐχ
1410 2238 1544 2314 ὁρᾷς
1563 2239 1700 2298 ὅσον

21 2324 187 2391 ἔργον
204 2323 577 2391 προστάττεις;
600 2328 650 2379 εἰ
665 2323 766 2393 μὲν
785 2317 891 2378 οὖν
911 2329 1131 2388 πλείους
1151 2317 1306 2394 ἦμεν,
1330 2323 1431 2379 οὐκ
1451 2319 1524 2379 ἄν
1544 2324 1697 2390 ἄξιον

20 2394 94 2472 ἦν
113 2405 356 2458 δεῖσθαι·
395 2402 611 2475 ἀπρεπῆ
637 2403 744 2474 γὰρ
765 2405 829 2459 τά
850 2411 1074 2459 τοιαῦτα
1095 2410 1318 2460 πολλῶν
1335 2407 1588 2462 ἐναντίον
1607 2409 1699 2462 λέ·-

20 2503 140 2554 γειν
169 2481 345 2548 ἄλλως
363 2504 420 2539 τε
440 2487 529 2540 καὶ
548 2486 878 2557 τηλικούτῳ·
920 2483 1185 2556 ἀγνοοῦσι
1202 2484 1310 2556 γὰρ
1332 2490 1388 2542 οἰ
1405 2489 1595 2544 πολλοὶ
1616 2485 1699 2543 ὅτι

20 2562 159 2619 ἄνευ
187 2565 387 2634 ταύτης
405 2572 499 2634 τῆς
520 2567 607 2620 διὰ
629 2568 855 2622 πάντων
876 2567 1124 2634 διεξόδου
1142 2590 1199 2623 τε
1218 2571 1308 2624 καὶ
1331 2569 1542 2641 πλάνης
1562 2568 1702 2626 ἀδύ-
1729 2587 1759 2626 Ε

19 2665 191 2701 νατον
220 2646 520 2716 ἐντυχόντα
551 2653 629 2720 τῷ
647 2645 850 2718 άληθετ
864 2655 1004 2704 νοῦν
1024 2654 1179 2721 ἔχειν.
1234 2651 1341 2720 ἐγώ
1361 2651 1463 2722 μὲν
1482 2646 1613 2722 οὖν,
1656 2644 1699 2706 ὦ

18 2728 355 2863 ἶῐαρμενίδη,
380 2729 667 2796 Σωκράτει
687 2734 1000 2803 συνδέομαι,
1019 2734 1111 2787 ἵνα
1133 2734 1222 2788 καὶ
1239 2731 1406 2798 αὐτὸς
1423 2734 1700 2790 διακούσω

55 2828 110 2862 ια
131 2828 351 2877 χρονου.
