2028 3198
239 114 307 166 58
833 114 1312 162 ΠΛΑΤΩΝΟΣ

380 253 548 303 ΠΡΩ.
580 237 706 313 Ἆρ’,
739 239 782 298 ὦ
801 244 1122 315 Σώκρατες,
1155 243 1256 317 οὐχ
1275 245 1410 321 ὁρᾷς
1429 249 1589 320 ἡμῶν
1606 250 1667 308 τὸ
1690 256 1922 321 πλῆθος,

242 330 327 386 ὅτι
346 334 462 385 νέοι
483 329 684 390 πάντες
703 328 895 396 ἐσμέν,
927 330 1017 382 καὶ
1037 325 1105 382 ού
1125 335 1292 400 φοβεῖ
1307 331 1382 402 μή
1402 349 1491 388 σοι
1517 335 1651 404 μετὰ
1673 333 1925 404 Φιλήβου

241 410 691 480 ξυνεπιθσόμεθα,
712 406 812 464 ἐὰν
829 406 972 480 ἡμᾶς
987 414 1268 482 λοιδορῇς;
1289 412 1438 483 ὅμως
1453 418 1539 485 δέ,
1560 417 1925 486 μανθάνομεν

211 556 215 559 ,
240 493 346 564 γὰρ
367 490 395 548 ὃ
418 498 617 563 λέγεις,
640 499 694 547 εἴ
708 513 788 556 τις
806 491 1007 561 τρόπος
1027 497 1140 548 ἔστι
1159 497 1249 550 καὶ
1267 497 1478 568 μηχανὴ
1495 497 1598 569 τὴν
1613 500 1716 570 μὲν
1732 500 1923 554 τοιαύ-

241 600 343 647 την
371 574 615 647 ταραχὴν
645 573 778 645 ἡμῖν
807 578 907 639 ἔξω
925 581 1030 629 τοῦ
1047 574 1220 646 λόγου
1240 575 1483 647 εὐμενῶς
1503 600 1618 645 πως
1637 578 1919 651 ἀπελθεῖν,

179 675 211 715 Β
242 658 379 715 ὁδὸν
398 663 459 715 δέ
473 681 597 716 τινα
613 663 818 714 καλλίω
837 657 1037 728 ταύτης
1056 659 1141 712 ἐπὶ
1159 657 1258 714 τὸν
1275 660 1444 731 λόγον
1463 660 1745 732 ἀνευρεῖν,
1777 662 1848 717 σύ
1867 683 1924 717 τε

237 747 537 812 προθυμοῦ
567 748 729 796 τοῦτο
759 741 851 795 καὶ
879 737 1033 810 ἡμεῖς
1062 743 1631 814 συνακολουθήσομεν
1654 749 1730 807 εἰς
1750 744 1924 798 δύνα-

237 847 331 894 μιν
345 846 356 858 ·
388 822 456 879 οὐ
476 827 582 894 γαρ
603 820 831 893 σμικρὸς
851 820 879 876 ὁ
900 820 1095 890 παρών
1115 824 1303 894 λόγος,
1328 818 1371 880 ὦ
1389 825 1699 894 Σώκρατες.

375 911 500 961 ΣΩ.
562 903 647 960 Οὐ
668 903 773 974 γὰρ
794 898 926 973 οὖν,
958 898 1003 958 ὦ
1023 909 1238 977 παῖδες,
1272 906 1346 971 ὥς
1376 925 1547 979 φησιν
1575 907 1718 979 ὑμᾶς
1747 925 1923 977 προσ-

236 989 523 1059 αγορεύων
554 993 820 1058 Φίληβος.
866 986 934 1042 οὐ
966 986 1078 1058 μὴν
1114 992 1226 1043 ἔστι
1257 996 1500 1045 καλλίων
1535 988 1664 1055 ὁδὸς
1692 989 1815 1046 οὐδ’
1850 987 1922 1046 ἄν

235 1075 479 1141 γένοιτο,
511 1063 577 1141 ἧς
596 1071 703 1141 ἐγω
723 1069 954 1141 ἐραστὴς
972 1074 1075 1141 μέν
1096 1075 1203 1141 εἰμι
1221 1069 1333 1141 ἀεί,
1370 1073 1631 1138 πολλάκις
1653 1076 1715 1129 δέ
1730 1096 1796 1144 με
1815 1073 1919 1144 ἤδη

238 1156 594 1223 διαφυγοῦσα
615 1156 819 1224 ἔρημον
838 1155 929 1207 καὶ
950 1151 1164 1223 ἄπορον
1183 1156 1527 1224 κατέστησεν.

376 1240 546 1290 ΠΡΩ.
600 1240 694 1298 Τίς
720 1231 887 1305 αὕτης
918 1240 1168 1304 λεγέσθω
1188 1235 1378 1304 μόνον.

177 1331 209 1373 O
377 1323 501 1372 ΣΩ.
541 1314 648 1371 ἻΙν
667 1319 909 1386 δηλῶσαι
928 1319 1029 1386 μὲν
1049 1315 1116 1371 οὐ
1136 1317 1287 1371 πάνυ
1302 1317 1571 1388 χαλεπόν,
1602 1326 1844 1389 χρῆσθαι
1863 1319 1922 1374 δὲ

238 1398 591 1470 παγχάλεπον
605 1419 616 1429 ·
657 1398 837 1452 πάντα
872 1396 978 1467 γάρ
1012 1397 1118 1452 ὅσα
1151 1400 1342 1468 τέχνης
1375 1399 1606 1469 ἐχόμενα
1641 1398 1919 1472 ἀνευρέθη

234 1481 482 1547 πώποτε,
515 1478 606 1533 δια
628 1479 831 1550 ταύτης
856 1479 1073 1549 φανερὰ
1092 1482 1286 1550 γέγονε
1301 1501 1311 1511 ·
1345 1479 1537 1535 σκόπει
1558 1481 1617 1537 δὲ
1636 1478 1709 1551 ἣν
1726 1484 1881 1552 λέγω.

377 1567 549 1617 ΠΡΩ.
607 1564 748 1631 Λέγε
778 1561 969 1631 μόνον.

371 1649 496 1698 ΣΩ.
549 1650 708 1699 Θεῶν
736 1643 838 1714 μὲν
868 1648 944 1707 εἰς
973 1639 1309 1713 ἀνθρώπους
1340 1643 1516 1714 δόσις,
1555 1643 1628 1708 ὥς
1655 1666 1718 1714 γε
1750 1667 1916 1700 κατα-

234 1729 488 1794 φαίνεται
503 1727 639 1794 ἐμοί,
659 1725 837 1779 ποθὲν
853 1726 910 1779 ἐκ
925 1731 1079 1778 θεῶν
1096 1727 1291 1794 ἐρρίφη
1308 1724 1397 1778 διά
1414 1745 1562 1789 τινος
1572 1728 1918 1795 Προμηθέως

233 1805 348 1876 ἅμα
378 1807 672 1879 φανοτάτςο
704 1807 812 1860 τινὶ
840 1810 1000 1874 πυρί·
1032 1808 1122 1859 καὶ
1142 1809 1197 1859 οἰ
1211 1806 1314 1874 μὲν
1331 1812 1579 1877 παλαιοί,
1610 1813 1916 1876 κρείττονες

233 1886 394 1959 ἡμῶν
412 1890 503 1944 καὶ
521 1890 792 1958 ἐγγυτέρω
812 1893 967 1942 θεῶν
987 1891 1292 1953 οἰκοῦντες,
1313 1887 1522 1956 ταύτην
1539 1887 1734 1993 φήμην
1746 1892 1914 1959 παρέ-

235 1975 436 2041 δοσαν,
470 1991 543 2034 ως
561 1970 663 2035 ἐξ
636 1968 757 2034 ενὸς
775 1990 877 2039 μεν
894 1971 986 2023 καὶ
1005 1970 1063 2022 ἐκ
1083 1965 1344 2022 πολλων’
1325 1967 1506 2023 όντων
1523 1975 1636 2023 τῶν
1657 1968 1739 2025 ἀεὶ
1758 1977 1906 2040 λεγο-

236 2054 423 2123 μένων
453 2050 619 2122 εἶναι,
657 2054 844 2149 πέρας
847 2052 906 2104 δὲ
933 2052 1024 2104 καὶ
1045 2046 1300 2117 ἀπειρίαν
1329 2051 1388 2103 ἐν
1418 2046 1605 2113 αὑτοῖς
1627 2051 1913 2121 ξύμφυτον

234 2134 501 2204 ἐχόντων.
541 2137 657 2188 δεῖν
687 2134 791 2188 οὐν
818 2129 959 2202 ἡμᾶς
986 2131 1200 2185 τούτων
1230 2127 1375 2184 οὕτω
1398 2133 1912 2203 διακεκοσμημένων

170 2233 205 2276 1)
237 2215 321 2271 ἀεὶ
353 2222 487 2286 μίαν
519 2217 674 2271 ἰδέαν
709 2216 834 2284 περὶ
870 2210 1076 2277 παντὸς
1110 2211 1364 2267 ἑκάστοτε
1397 2215 1671 2282 θεμένους
1710 2218 1912 2283 ζητεῖν

234 2294 490 2367 εὑρήσειν
509 2295 615 2365 γάρ
637 2299 876 2352 ἐνοῦσαν
891 2318 902 2329 ·
935 2294 1035 2350 ἐάν
1054 2289 1160 2350 οὖν
1179 2293 1600 2367 μεταλάβωμεν,
1631 2294 1764 2364 μετὰ
1786 2300 1917 2364 μίαν

235 2378 366 2448 δύο,
402 2386 456 2432 εἴ
478 2397 593 2441 πως
621 2382 749 2443 εἰσί,
785 2388 1040 2445 σκοπεῖν,
1073 2381 1123 2432 εἰ
1149 2377 1208 2432 δὲ
1230 2377 1331 2447 μή,
1367 2387 1510 2446 τρεῖς
1529 2374 1565 2445 ἥ
1595 2397 1718 2430 τινα
1745 2375 1917 2431 ἄλλον

237 2457 509 2529 ἀριθμόν,
549 2459 639 2512 καὶ
667 2464 779 2512 τῶν
814 2461 874 2512 ἓν
911 2461 1137 2514 ἐκείνων
1169 2460 1402 2513 ἕκαστον
1436 2457 1605 2512 πάλιν
1639 2454 1914 2525 ὡσαύτως,

237 2541 495 2610 μέχριπερ
532 2535 602 2592 ἂν
637 2537 699 2592 τό
739 2537 859 2593 κατ’
895 2537 1062 2610 ἀρχὰς
1100 2543 1161 2594 ἓν
1191 2538 1262 2609 μὴ
1293 2538 1376 2593 ὅτι
1407 2540 1468 2592 ἓν
1497 2540 1588 2594 καὶ
1617 2538 1794 2593 πολλὰ
1825 2539 1914 2592 καὶ

237 2619 436 2690 ἄπειρά
469 2622 580 2675 ἐστι
611 2619 788 2690 μόνον
820 2623 908 2691 ἴδῃ
935 2643 1041 2689 τις,
1083 2619 1221 2676 ἀλλὰ
1252 2622 1344 2675 καὶ
1371 2617 1576 2674 ὁπόσα·
1614 2619 1716 2688 τήν
1737 2619 1794 2673 δὲ
1814 2624 1908 2672 τοῦ

238 2701 469 2770 ἀπείρου
489 2703 640 2757 ἰδέαν
660 2700 796 2768 πρὸς
812 2699 871 2755 τὸ
894 2708 1109 2771 πλῆθος
1129 2701 1201 2773 μὴ
1223 2703 1577 2771 προσφέρειν,
1599 2702 1728 2770 πρὶν
1746 2697 1818 2753 ἄν
1835 2718 1909 2763 τις

237 2782 336 2837 τὸν
355 2780 599 2851 ἀριθμὸν
618 2780 791 2836 αὐτοῦ
812 2783 990 2836 πάντα
1011 2787 1203 2853 κατίδῃ
1225 2783 1323 2838 τὸν
1342 2781 1543 2852 μεταξὺ
1561 2786 1661 2834 τοῦ
1682 2778 1906 2845 ἀπείρου
