<?xml version="1.0" encoding="UTF-8"?>
<!DOCTYPE html PUBLIC "-//W3C//DTD XHTML 1.0 Transitional//EN"
    "http://www.w3.org/TR/xhtml1/DTD/xhtml1-transitional.dtd">
<html xmlns="http://www.w3.org/1999/xhtml" xml:lang="en" lang="en">
 <head>
  <title>
</title>
<meta http-equiv="Content-Type" content="text/html;charset=utf-8" />
  <meta name='ocr-system' content='tesseract 3.04.00' />
  <meta name='ocr-capabilities' content='ocr_page ocr_carea ocr_par ocr_line ocrx_word'/>
</head>
<body>
  <div class='ocr_page' id='page_1' title='image "./dialogisecumdumt02platuoft_0398.png"; bbox 0 0 2028 3198; ppageno 0'>
   <div class='ocr_carea' id='block_1_1' title="bbox 296 128 1983 181">
    <p class='ocr_par' dir='ltr' id='par_1_1' title="bbox 296 128 1983 181">
     <span class='ocr_line' id='line_1_1' title="bbox 296 128 1983 181; baseline -0.004 -1"><span class='ocrx_word' id='word_1_1' title='bbox 296 128 402 180; x_wconf 81' lang='grc'><em>368</em></span> <span class='ocrx_word' id='word_1_2' title='bbox 972 129 1318 177; x_wconf 81' lang='grc' dir='ltr'><em>ΘΕΑΓΗΣ.</em></span> <span class='ocrx_word' id='word_1_3' title='bbox 1925 138 1983 181; x_wconf 74' lang='grc'><em>98</em></span> 
     </span>
    </p>
   </div>
   <div class='ocr_carea' id='block_1_2' title="bbox 187 259 2028 2820">
    <p class='ocr_par' dir='ltr' id='par_1_2' title="bbox 187 259 2028 2812">
     <span class='ocr_line' id='line_1_2' title="bbox 299 259 1980 335; baseline -0.001 -15"><span class='ocrx_word' id='word_1_4' title='bbox 299 271 405 335; x_wconf 75' lang='grc' dir='ltr'><em>γάρ</em></span> <span class='ocrx_word' id='word_1_5' title='bbox 426 286 547 335; x_wconf 93' lang='grc' dir='ltr'><em>μοι,</em></span> <span class='ocrx_word' id='word_1_6' title='bbox 578 269 690 318; x_wconf 75' lang='grc' dir='ltr'><em>τῶν</em></span> <span class='ocrx_word' id='word_1_7' title='bbox 709 259 1020 332; x_wconf 77' lang='grc' dir='ltr'><em>ἡλικιωτῶν</em></span> <span class='ocrx_word' id='word_1_8' title='bbox 1038 261 1182 327; x_wconf 79' lang='grc' dir='ltr'><em>τινὲς</em></span> <span class='ocrx_word' id='word_1_9' title='bbox 1203 261 1377 318; x_wconf 82' lang='grc' dir='ltr'><em>αὐτοῦ</em></span> <span class='ocrx_word' id='word_1_10' title='bbox 1395 264 1488 318; x_wconf 85' lang='grc' dir='ltr'><em>καὶ</em></span> <span class='ocrx_word' id='word_1_11' title='bbox 1510 267 1789 334; x_wconf 77' lang='grc' dir='ltr'><em>δημοτῶν,</em></span> <span class='ocrx_word' id='word_1_12' title='bbox 1829 269 1903 327; x_wconf 84' lang='grc' dir='ltr'><em>εἰς</em></span> <span class='ocrx_word' id='word_1_13' title='bbox 1921 262 1980 318; x_wconf 82' lang='grc' dir='ltr'><em>τὸ</em></span> 
     </span>
     <span class='ocr_line' id='line_1_3' title="bbox 299 341 1985 416; baseline -0.002 -15"><span class='ocrx_word' id='word_1_14' title='bbox 299 346 437 401; x_wconf 73' lang='grc' dir='ltr'><em>ἄστυ</em></span> <span class='ocrx_word' id='word_1_15' title='bbox 454 349 896 416; x_wconf 86' lang='grc' dir='ltr'><em>καταβαίνοντες,</em></span> <span class='ocrx_word' id='word_1_16' title='bbox 914 344 1113 414; x_wconf 77' lang='grc' dir='ltr'><strong><em>λόγους</em></strong></span> <span class='ocrx_word' id='word_1_17' title='bbox 1126 342 1278 408; x_wconf 78' lang='grc' dir='ltr'><em>τινὰς</em></span> <span class='ocrx_word' id='word_1_18' title='bbox 1291 341 1846 415; x_wconf 81' lang='grc' dir='ltr'><em>ἀπομνημονεύοντες</em></span> <span class='ocrx_word' id='word_1_19' title='bbox 1862 348 1985 400; x_wconf 88' lang='grc' dir='ltr'><em>δια-</em></span> 
     </span>
     <span class='ocr_line' id='line_1_4' title="bbox 298 423 1982 500; baseline -0.001 -17"><span class='ocrx_word' id='word_1_20' title='bbox 298 430 663 500; x_wconf 82' lang='grc' dir='ltr'><em>ταράττουσιν</em></span> <span class='ocrx_word' id='word_1_21' title='bbox 684 424 857 482; x_wconf 81' lang='grc' dir='ltr'><em>αὐτόν</em></span> <span class='ocrx_word' id='word_1_22' title='bbox 872 448 882 458; x_wconf 90' lang='grc'>·</span> <span class='ocrx_word' id='word_1_23' title='bbox 907 423 1003 490; x_wconf 77' lang='grc' dir='ltr'><em>οὓς</em></span> <span class='ocrx_word' id='word_1_24' title='bbox 1022 426 1259 496; x_wconf 79' lang='grc' dir='ltr'><em>ἐζήλωκε</em></span> <span class='ocrx_word' id='word_1_25' title='bbox 1277 427 1367 480; x_wconf 85' lang='grc' dir='ltr'><em>καὶ</em></span> <span class='ocrx_word' id='word_1_26' title='bbox 1387 425 1557 480; x_wconf 89' lang='grc' dir='ltr'><em>πάλαι</em></span> <span class='ocrx_word' id='word_1_27' title='bbox 1577 447 1671 497; x_wconf 90' lang='grc' dir='ltr'><em>μοι</em></span> <span class='ocrx_word' id='word_1_28' title='bbox 1690 427 1982 497; x_wconf 79' lang='grc' dir='ltr'><em>πράγματα</em></span> 
     </span>
     <span class='ocr_line' id='line_1_5' title="bbox 297 507 1985 582; baseline -0.001 -17"><span class='ocrx_word' id='word_1_29' title='bbox 297 514 546 582; x_wconf 78' lang='grc' dir='ltr'><em>παρέχει,</em></span> <span class='ocrx_word' id='word_1_30' title='bbox 586 507 754 575; x_wconf 73' lang='grc' dir='ltr'><em>άξισόυ</em></span> <span class='ocrx_word' id='word_1_31' title='bbox 784 511 1187 580; x_wconf 81' lang='grc' dir='ltr'><em>ἐπιμεληθῆναί</em></span> <span class='ocrx_word' id='word_1_32' title='bbox 1212 529 1278 579; x_wconf 89' lang='grc' dir='ltr'><em>με</em></span> <span class='ocrx_word' id='word_1_33' title='bbox 1300 508 1502 564; x_wconf 84' lang='grc' dir='ltr'><em>ἑαυτοῦ</em></span> <span class='ocrx_word' id='word_1_34' title='bbox 1520 510 1612 564; x_wconf 86' lang='grc' dir='ltr'><em>καὶ</em></span> <span class='ocrx_word' id='word_1_35' title='bbox 1630 509 1877 580; x_wconf 86' lang='grc' dir='ltr'><em>χρήματα</em></span> <span class='ocrx_word' id='word_1_36' title='bbox 1895 530 1985 564; x_wconf 90' lang='grc' dir='ltr'><em>τε-</em></span> 
     </span>
     <span class='ocr_line' id='line_1_6' title="bbox 297 588 1984 661; baseline -0.001 -13"><span class='ocrx_word' id='word_1_37' title='bbox 297 595 451 648; x_wconf 85' lang='grc' dir='ltr'><em>λέσαι</em></span> <span class='ocrx_word' id='word_1_38' title='bbox 470 593 575 648; x_wconf 87' lang='grc' dir='ltr'><em>τινὶ</em></span> <span class='ocrx_word' id='word_1_39' title='bbox 593 598 705 647; x_wconf 78' lang='grc' dir='ltr'><em>τῶν</em></span> <span class='ocrx_word' id='word_1_40' title='bbox 721 597 1019 661; x_wconf 77' lang='grc' dir='ltr'><em>σοφιστῶν,</em></span> <span class='ocrx_word' id='word_1_41' title='bbox 1043 590 1191 654; x_wconf 81' lang='grc' dir='ltr'><em>ὅστις</em></span> <span class='ocrx_word' id='word_1_42' title='bbox 1212 588 1384 646; x_wconf 80' lang='grc' dir='ltr'><em>αὐτὸν</em></span> <span class='ocrx_word' id='word_1_43' title='bbox 1403 589 1585 661; x_wconf 81' lang='grc' dir='ltr'><em>σοφὸν</em></span> <span class='ocrx_word' id='word_1_44' title='bbox 1603 591 1834 661; x_wconf 82' lang='grc' dir='ltr'><em>ποιήσει.</em></span> <span class='ocrx_word' id='word_1_45' title='bbox 1866 592 1984 661; x_wconf 85' lang='grc' dir='ltr'><em>ἐμοὶ</em></span> 
     </span>
     <span class='ocr_line' id='line_1_7' title="bbox 303 670 1983 745; baseline -0.001 -15"><span class='ocrx_word' id='word_1_46' title='bbox 303 675 360 730; x_wconf 78' lang='grc' dir='ltr'><em>δὲ</em></span> <span class='ocrx_word' id='word_1_47' title='bbox 380 681 494 729; x_wconf 73' lang='grc' dir='ltr'><em>τῶν</em></span> <span class='ocrx_word' id='word_1_48' title='bbox 512 675 612 744; x_wconf 77' lang='grc' dir='ltr'><em>μὲν</em></span> <span class='ocrx_word' id='word_1_49' title='bbox 631 674 924 745; x_wconf 80' lang='grc' dir='ltr'><em>χρημάτων</em></span> <span class='ocrx_word' id='word_1_50' title='bbox 944 676 1034 729; x_wconf 84' lang='grc' dir='ltr'><em>καὶ</em></span> <span class='ocrx_word' id='word_1_51' title='bbox 1054 678 1280 729; x_wconf 78' lang='grc' dir='ltr'><em>ἔλαττον</em></span> <span class='ocrx_word' id='word_1_52' title='bbox 1299 674 1448 743; x_wconf 80' lang='grc' dir='ltr'><em>μέλει</em></span> <span class='ocrx_word' id='word_1_53' title='bbox 1461 716 1475 742; x_wconf 90' lang='grc'><em>,</em></span> <span class='ocrx_word' id='word_1_54' title='bbox 1515 670 1754 743; x_wconf 78' lang='grc' dir='ltr'><em>ἡγοῦμαι</em></span> <span class='ocrx_word' id='word_1_55' title='bbox 1775 672 1833 728; x_wconf 76' lang='grc' dir='ltr'><em>δὲ</em></span> <span class='ocrx_word' id='word_1_56' title='bbox 1851 678 1983 728; x_wconf 85' lang='grc' dir='ltr'><em>τοῦ-</em></span> 
     </span>
     <span class='ocr_line' id='line_1_8' title="bbox 187 753 1981 828; baseline -0.002 -13"><span class='ocrx_word' id='word_1_57' title='bbox 187 774 271 817; x_wconf 77' lang='lat'><em>122</em></span> <span class='ocrx_word' id='word_1_58' title='bbox 299 780 398 813; x_wconf 90' lang='grc' dir='ltr'><em>τον</em></span> <span class='ocrx_word' id='word_1_59' title='bbox 419 755 523 813; x_wconf 75' lang='grc' dir='ltr'><em>οὐκ</em></span> <span class='ocrx_word' id='word_1_60' title='bbox 548 761 622 821; x_wconf 82' lang='grc' dir='ltr'><em>εἰς</em></span> <span class='ocrx_word' id='word_1_61' title='bbox 643 754 879 827; x_wconf 83' lang='grc' dir='ltr'><em>σμικρὸν</em></span> <span class='ocrx_word' id='word_1_62' title='bbox 898 758 1167 811; x_wconf 85' lang='grc' dir='ltr'><em>κίνδυνον</em></span> <span class='ocrx_word' id='word_1_63' title='bbox 1186 758 1353 825; x_wconf 82' lang='grc' dir='ltr'><em>ἰέναι,</em></span> <span class='ocrx_word' id='word_1_64' title='bbox 1387 753 1441 812; x_wconf 84' lang='grc' dir='ltr'><em>οἷ</em></span> <span class='ocrx_word' id='word_1_65' title='bbox 1459 757 1699 812; x_wconf 82' lang='grc' dir='ltr'><em>σπεύδει.</em></span> <span class='ocrx_word' id='word_1_66' title='bbox 1734 761 1864 821; x_wconf 84' lang='grc' dir='ltr'><em>τέως</em></span> <span class='ocrx_word' id='word_1_67' title='bbox 1881 758 1981 828; x_wconf 74' lang='grc' dir='ltr'><em>μὲν</em></span> 
     </span>
     <span class='ocr_line' id='line_1_9' title="bbox 300 834 1985 910; baseline -0.001 -15"><span class='ocrx_word' id='word_1_68' title='bbox 300 834 405 895; x_wconf 76' lang='grc' dir='ltr'><em>οὖν</em></span> <span class='ocrx_word' id='word_1_69' title='bbox 435 836 607 895; x_wconf 85' lang='grc' dir='ltr'><em>αὐτὸν</em></span> <span class='ocrx_word' id='word_1_70' title='bbox 639 851 890 909; x_wconf 84' lang='grc' dir='ltr'><em>κατεῖχον</em></span> <span class='ocrx_word' id='word_1_71' title='bbox 921 839 1455 910; x_wconf 88' lang='grc' dir='ltr'><em>παραμυθούμενος·</em></span> <span class='ocrx_word' id='word_1_72' title='bbox 1491 837 1672 910; x_wconf 82' lang='grc' dir='ltr'><em>ἐπειδὴ</em></span> <span class='ocrx_word' id='word_1_73' title='bbox 1710 839 1768 895; x_wconf 78' lang='grc' dir='ltr'><em>δὲ</em></span> <span class='ocrx_word' id='word_1_74' title='bbox 1801 837 1985 894; x_wconf 82' lang='grc' dir='ltr'><em>οὐκέτι</em></span> 
     </span>
     <span class='ocr_line' id='line_1_10' title="bbox 301 919 2028 996; baseline -0.002 -17"><span class='ocrx_word' id='word_1_75' title='bbox 301 919 415 988; x_wconf 82' lang='grc' dir='ltr'><em>οἷός</em></span> <span class='ocrx_word' id='word_1_76' title='bbox 451 927 512 979; x_wconf 86' lang='grc' dir='ltr'><em>τέ</em></span> <span class='ocrx_word' id='word_1_77' title='bbox 546 927 680 994; x_wconf 86' lang='grc' dir='ltr'><em>εἰμι,</em></span> <span class='ocrx_word' id='word_1_78' title='bbox 722 921 961 995; x_wconf 77' lang='grc' dir='ltr'><em>ἡγοῦμαι</em></span> <span class='ocrx_word' id='word_1_79' title='bbox 990 921 1286 991; x_wconf 88' lang='grc' dir='ltr'><em>κράτιστον</em></span> <span class='ocrx_word' id='word_1_80' title='bbox 1316 920 1454 977; x_wconf 79' lang='grc' dir='ltr'><em>εἶναι</em></span> <span class='ocrx_word' id='word_1_81' title='bbox 1482 928 1779 978; x_wconf 86' lang='grc' dir='ltr'><em>πείθεσθαι</em></span> <span class='ocrx_word' id='word_1_82' title='bbox 1814 920 1981 996; x_wconf 74' lang='grc' dir='ltr'><em>αὐτῷ,</em></span> <span class='ocrx_word' id='word_1_83' title='bbox 2025 960 2028 961; x_wconf 28' lang='lat'><em>⁷</em></span> 
     </span>
     <span class='ocr_line' id='line_1_11' title="bbox 298 1005 1980 1079; baseline -0.002 -17"><span class='ocrx_word' id='word_1_84' title='bbox 298 1011 390 1062; x_wconf 83' lang='grc' dir='ltr'><em>ἵνα</em></span> <span class='ocrx_word' id='word_1_85' title='bbox 423 1005 495 1078; x_wconf 88' lang='grc' dir='ltr'><em>μὴ</em></span> <span class='ocrx_word' id='word_1_86' title='bbox 529 1007 792 1072; x_wconf 78' lang='grc' dir='ltr'><em>πολλάκις</em></span> <span class='ocrx_word' id='word_1_87' title='bbox 820 1006 958 1061; x_wconf 75' lang='grc' dir='ltr'><em>ἄνευ</em></span> <span class='ocrx_word' id='word_1_88' title='bbox 988 1008 1123 1076; x_wconf 86' lang='grc' dir='ltr'><em>ἐμοῦ</em></span> <span class='ocrx_word' id='word_1_89' title='bbox 1155 1005 1560 1075; x_wconf 75' lang='grc' dir='ltr'><em>συγγενόμενός</em></span> <span class='ocrx_word' id='word_1_90' title='bbox 1579 1027 1654 1079; x_wconf 79' lang='grc' dir='ltr'><em>τῳ</em></span> <span class='ocrx_word' id='word_1_91' title='bbox 1677 1008 1980 1076; x_wconf 81' lang='grc' dir='ltr'><em>διαφθαρῇ.</em></span> 
     </span>
     <span class='ocr_line' id='line_1_12' title="bbox 301 1084 1984 1162; baseline -0.001 -18"><span class='ocrx_word' id='word_1_92' title='bbox 301 1096 410 1145; x_wconf 85' lang='grc' dir='ltr'><em>νῦν</em></span> <span class='ocrx_word' id='word_1_93' title='bbox 438 1084 542 1144; x_wconf 77' lang='grc' dir='ltr'><em>οὖν</em></span> <span class='ocrx_word' id='word_1_94' title='bbox 570 1088 688 1160; x_wconf 79' lang='grc' dir='ltr'><em>ἥκω</em></span> <span class='ocrx_word' id='word_1_95' title='bbox 722 1087 807 1145; x_wconf 86' lang='grc' dir='ltr'><em>ἐπ’</em></span> <span class='ocrx_word' id='word_1_96' title='bbox 842 1086 981 1143; x_wconf 73' lang='grc' dir='ltr'><em>αὐτοὶ</em></span> <span class='ocrx_word' id='word_1_97' title='bbox 1011 1094 1208 1157; x_wconf 89' lang='grc' dir='ltr'><em>ταῦτα,</em></span> <span class='ocrx_word' id='word_1_98' title='bbox 1245 1091 1335 1143; x_wconf 82' lang='grc' dir='ltr'><em>ἵνα</em></span> <span class='ocrx_word' id='word_1_99' title='bbox 1362 1110 1437 1162; x_wconf 80' lang='grc' dir='ltr'><em>τςο</em></span> <span class='ocrx_word' id='word_1_100' title='bbox 1456 1087 1669 1143; x_wconf 90' lang='grc' dir='ltr'><em>τούτων</em></span> <span class='ocrx_word' id='word_1_101' title='bbox 1686 1095 1798 1143; x_wconf 77' lang='grc' dir='ltr'><em>τῶν</em></span> <span class='ocrx_word' id='word_1_102' title='bbox 1819 1105 1984 1158; x_wconf 85' lang='grc' dir='ltr'><em>σοφι-</em></span> 
     </span>
     <span class='ocr_line' id='line_1_13' title="bbox 302 1165 1983 1241; baseline -0.002 -14"><span class='ocrx_word' id='word_1_103' title='bbox 302 1178 448 1227; x_wconf 77' lang='grc' dir='ltr'><em>στῶν</em></span> <span class='ocrx_word' id='word_1_104' title='bbox 470 1171 791 1226; x_wconf 82' lang='grc' dir='ltr'><em>δοκούντων</em></span> <span class='ocrx_word' id='word_1_105' title='bbox 812 1170 952 1226; x_wconf 81' lang='grc' dir='ltr'><em>εἶναι</em></span> <span class='ocrx_word' id='word_1_106' title='bbox 974 1169 1229 1240; x_wconf 83' lang='grc' dir='ltr'><em>συστήσω</em></span> <span class='ocrx_word' id='word_1_107' title='bbox 1250 1176 1487 1226; x_wconf 91' lang='grc' dir='ltr'><em>τουτονί.</em></span> <span class='ocrx_word' id='word_1_108' title='bbox 1530 1169 1601 1225; x_wconf 83' lang='grc' dir='ltr'><strong>σύ</strong></span> <span class='ocrx_word' id='word_1_109' title='bbox 1631 1165 1737 1226; x_wconf 77' lang='grc' dir='ltr'><em>οὖν</em></span> <span class='ocrx_word' id='word_1_110' title='bbox 1755 1169 1887 1241; x_wconf 85' lang='grc' dir='ltr'><em>ἡμῖν</em></span> <span class='ocrx_word' id='word_1_111' title='bbox 1908 1174 1983 1233; x_wconf 83' lang='grc' dir='ltr'><em>εἰς</em></span> 
     </span>
     <span class='ocr_line' id='line_1_14' title="bbox 301 1246 1983 1325; baseline -0.002 -16"><span class='ocrx_word' id='word_1_112' title='bbox 301 1252 477 1310; x_wconf 82' lang='grc' dir='ltr'><em>καλὸν</em></span> <span class='ocrx_word' id='word_1_113' title='bbox 499 1255 840 1324; x_wconf 84' lang='grc' dir='ltr'><em>παρεφάνης,</em></span> <span class='ocrx_word' id='word_1_114' title='bbox 863 1246 911 1325; x_wconf 73' lang='grc' dir='ltr'><em>ᾤ</em></span> <span class='ocrx_word' id='word_1_115' title='bbox 930 1249 1000 1307; x_wconf 69' lang='grc' dir='ltr'><em>ἄν</em></span> <span class='ocrx_word' id='word_1_116' title='bbox 1020 1250 1123 1322; x_wconf 73' lang='grc' dir='ltr'><em>ἐγώ</em></span> <span class='ocrx_word' id='word_1_117' title='bbox 1144 1250 1362 1322; x_wconf 85' lang='grc' dir='ltr'><em>μάλιστ’</em></span> <span class='ocrx_word' id='word_1_118' title='bbox 1398 1252 1708 1324; x_wconf 82' lang='grc' dir='ltr'><em>ἐβουλόμην</em></span> <span class='ocrx_word' id='word_1_119' title='bbox 1726 1253 1850 1321; x_wconf 84' lang='grc' dir='ltr'><em>περὶ</em></span> <span class='ocrx_word' id='word_1_120' title='bbox 1870 1257 1983 1307; x_wconf 77' lang='grc' dir='ltr'><em>τῶν</em></span> 
     </span>
     <span class='ocr_line' id='line_1_15' title="bbox 299 1332 1984 1407; baseline -0.002 -15"><span class='ocrx_word' id='word_1_121' title='bbox 299 1336 569 1392; x_wconf 84' lang='grc' dir='ltr'><em>τοιούτων</em></span> <span class='ocrx_word' id='word_1_122' title='bbox 600 1338 816 1406; x_wconf 89' lang='grc' dir='ltr'><em>με’λλων</em></span> <span class='ocrx_word' id='word_1_123' title='bbox 846 1336 1075 1406; x_wconf 78' lang='grc' dir='ltr'><em>πράξειν</em></span> <span class='ocrx_word' id='word_1_124' title='bbox 1110 1334 1653 1407; x_wconf 84' lang='grc' dir='ltr'><em>συμβουλεύσασθαι.</em></span> <span class='ocrx_word' id='word_1_125' title='bbox 1692 1332 1813 1390; x_wconf 82' lang='grc' dir='ltr'><em>ἀλλ’</em></span> <span class='ocrx_word' id='word_1_126' title='bbox 1850 1342 1906 1390; x_wconf 77' lang='grc' dir='ltr'><em>εἴ</em></span> <span class='ocrx_word' id='word_1_127' title='bbox 1933 1355 1984 1389; x_wconf 92' lang='grc' dir='ltr'><em>τι</em></span> 
     </span>
     <span class='ocr_line' id='line_1_16' title="bbox 237 1411 1980 1490; baseline -0.002 -15"><span class='ocrx_word' id='word_1_128' title='bbox 237 1434 268 1474; x_wconf 91' lang='grc' dir='ltr'>Β</span> <span class='ocrx_word' id='word_1_129' title='bbox 302 1423 437 1490; x_wconf 79' lang='grc' dir='ltr'><em>ἔχεις</em></span> <span class='ocrx_word' id='word_1_130' title='bbox 456 1418 864 1490; x_wconf 85' lang='grc' dir='ltr'><em>συμβουλεύειν</em></span> <span class='ocrx_word' id='word_1_131' title='bbox 882 1421 936 1483; x_wconf 84' lang='grc' dir='ltr'><em>ἐξ</em></span> <span class='ocrx_word' id='word_1_132' title='bbox 959 1411 1038 1472; x_wconf 70' lang='grc' dir='ltr'><em>ὧν</em></span> <span class='ocrx_word' id='word_1_133' title='bbox 1057 1420 1194 1488; x_wconf 85' lang='grc' dir='ltr'><em>ἐμοῦ</em></span> <span class='ocrx_word' id='word_1_134' title='bbox 1213 1415 1469 1489; x_wconf 74' lang='grc' dir='ltr'><em>ἀκήκοας,</em></span> <span class='ocrx_word' id='word_1_135' title='bbox 1490 1420 1663 1483; x_wconf 78' lang='grc' dir='ltr'><em>ἔξεστί</em></span> <span class='ocrx_word' id='word_1_136' title='bbox 1677 1438 1732 1472; x_wconf 88' lang='grc' dir='ltr'><em>τε</em></span> <span class='ocrx_word' id='word_1_137' title='bbox 1754 1418 1845 1472; x_wconf 79' lang='grc' dir='ltr'><em>καὶ</em></span> <span class='ocrx_word' id='word_1_138' title='bbox 1864 1417 1980 1487; x_wconf 79' lang='grc' dir='ltr'><em>χρή.</em></span> 
     </span>
     <span class='ocr_line' id='line_1_17' title="bbox 439 1494 1982 1572; baseline -0.003 -16"><span class='ocrx_word' id='word_1_139' title='bbox 439 1509 494 1556; x_wconf 93' lang='lat'><em>11.</em></span> <span class='ocrx_word' id='word_1_140' title='bbox 572 1506 696 1557; x_wconf 73' lang='grc' dir='ltr'><em>ΣΩ.</em></span> <span class='ocrx_word' id='word_1_141' title='bbox 750 1498 908 1555; x_wconf 80' lang='grc' dir='ltr'><em>Ἀλλὰ</em></span> <span class='ocrx_word' id='word_1_142' title='bbox 933 1500 1034 1571; x_wconf 76' lang='grc' dir='ltr'><em>μὲν</em></span> <span class='ocrx_word' id='word_1_143' title='bbox 1052 1500 1138 1571; x_wconf 85' lang='grc' dir='ltr'><em>δή,</em></span> <span class='ocrx_word' id='word_1_144' title='bbox 1162 1494 1206 1556; x_wconf 70' lang='grc' dir='ltr'><em>ὦ</em></span> <span class='ocrx_word' id='word_1_145' title='bbox 1225 1501 1521 1572; x_wconf 83' lang='grc' dir='ltr'><em>Δημόδοκε</em></span> <span class='ocrx_word' id='word_1_146' title='bbox 1534 1542 1547 1569; x_wconf 88' lang='grc'><em>,</em></span> <span class='ocrx_word' id='word_1_147' title='bbox 1582 1501 1670 1555; x_wconf 85' lang='grc' dir='ltr'><em>καὶ</em></span> <span class='ocrx_word' id='word_1_148' title='bbox 1689 1500 1907 1568; x_wconf 79' lang='grc' dir='ltr'><em>λέγεταί</em></span> <span class='ocrx_word' id='word_1_149' title='bbox 1920 1519 1982 1568; x_wconf 76' lang='grc' dir='ltr'><em>γε</em></span> 
     </span>
     <span class='ocr_line' id='line_1_18' title="bbox 298 1577 1982 1656; baseline -0.004 -16"><span class='ocrx_word' id='word_1_150' title='bbox 298 1582 584 1656; x_wconf 84' lang='grc' dir='ltr'><em>συμβουλὴ</em></span> <span class='ocrx_word' id='word_1_151' title='bbox 618 1582 770 1654; x_wconf 81' lang='grc' dir='ltr'><em>ἱερὸν</em></span> <span class='ocrx_word' id='word_1_152' title='bbox 801 1589 979 1654; x_wconf 82' lang='grc' dir='ltr'><em>χρῆμα</em></span> <span class='ocrx_word' id='word_1_153' title='bbox 1001 1582 1155 1638; x_wconf 82' lang='grc' dir='ltr'><em>εἶναι.</em></span> <span class='ocrx_word' id='word_1_154' title='bbox 1185 1593 1338 1653; x_wconf 77' lang='grc' dir='ltr'><em>εἴπερ</em></span> <span class='ocrx_word' id='word_1_155' title='bbox 1359 1577 1465 1638; x_wconf 77' lang='grc' dir='ltr'><em>οὖν</em></span> <span class='ocrx_word' id='word_1_156' title='bbox 1484 1584 1574 1638; x_wconf 87' lang='grc' dir='ltr'><em>καὶ</em></span> <span class='ocrx_word' id='word_1_157' title='bbox 1595 1580 1731 1652; x_wconf 74' lang='grc' dir='ltr'><em>ἄλλη</em></span> <span class='ocrx_word' id='word_1_158' title='bbox 1750 1579 1982 1652; x_wconf 82' lang='grc' dir='ltr'><em>ἡτισοῦν</em></span> 
     </span>
     <span class='ocr_line' id='line_1_19' title="bbox 300 1659 1978 1738; baseline -0.003 -16"><span class='ocrx_word' id='word_1_159' title='bbox 300 1670 447 1723; x_wconf 80' lang='grc' dir='ltr'><em>ἐστὶν</em></span> <span class='ocrx_word' id='word_1_160' title='bbox 467 1667 588 1738; x_wconf 74' lang='grc' dir='ltr'><em>ι”ερά</em></span> <span class='ocrx_word' id='word_1_161' title='bbox 603 1710 617 1738; x_wconf 93' lang='grc'><em>,</em></span> <span class='ocrx_word' id='word_1_162' title='bbox 642 1670 732 1722; x_wconf 83' lang='grc' dir='ltr'><em>καὶ</em></span> <span class='ocrx_word' id='word_1_163' title='bbox 754 1665 892 1737; x_wconf 80' lang='grc' dir='ltr'><em>αὕτη</em></span> <span class='ocrx_word' id='word_1_164' title='bbox 913 1662 983 1721; x_wconf 72' lang='grc' dir='ltr'><em>ἂν</em></span> <span class='ocrx_word' id='word_1_165' title='bbox 1006 1674 1116 1736; x_wconf 77' lang='grc' dir='ltr'><em>εἴη,</em></span> <span class='ocrx_word' id='word_1_166' title='bbox 1140 1668 1262 1736; x_wconf 85' lang='grc' dir='ltr'><em>περὶ</em></span> <span class='ocrx_word' id='word_1_167' title='bbox 1281 1659 1348 1736; x_wconf 80' lang='grc' dir='ltr'><em>ἧς</em></span> <span class='ocrx_word' id='word_1_168' title='bbox 1367 1664 1438 1720; x_wconf 82' lang='grc' dir='ltr'>σύ</span> <span class='ocrx_word' id='word_1_169' title='bbox 1458 1670 1567 1720; x_wconf 90' lang='grc' dir='ltr'><em>νῦν</em></span> <span class='ocrx_word' id='word_1_170' title='bbox 1587 1661 1978 1735; x_wconf 86' lang='grc' dir='ltr'><em>συμβουλεύει·</em></span> 
     </span>
     <span class='ocr_line' id='line_1_20' title="bbox 299 1744 1983 1821; baseline -0.003 -16"><span class='ocrx_word' id='word_1_171' title='bbox 299 1748 366 1805; x_wconf 79' lang='grc' dir='ltr'><em>οὐ</em></span> <span class='ocrx_word' id='word_1_172' title='bbox 407 1749 512 1821; x_wconf 76' lang='grc' dir='ltr'><em>γὰρ</em></span> <span class='ocrx_word' id='word_1_173' title='bbox 547 1755 659 1806; x_wconf 89' lang='grc' dir='ltr'><em>ἔστι</em></span> <span class='ocrx_word' id='word_1_174' title='bbox 684 1751 808 1821; x_wconf 88' lang='grc' dir='ltr'><em>περὶ</em></span> <span class='ocrx_word' id='word_1_175' title='bbox 839 1748 973 1804; x_wconf 78' lang='grc' dir='ltr'><em>ὅτου</em></span> <span class='ocrx_word' id='word_1_176' title='bbox 995 1752 1284 1819; x_wconf 84' lang='grc' dir='ltr'><em>θειοτέρου</em></span> <span class='ocrx_word' id='word_1_177' title='bbox 1315 1744 1387 1803; x_wconf 69' lang='grc' dir='ltr'><em>ἂν</em></span> <span class='ocrx_word' id='word_1_178' title='bbox 1416 1746 1716 1817; x_wconf 78' lang='grc' dir='ltr'><em>ἅνθρωπος</em></span> <span class='ocrx_word' id='word_1_179' title='bbox 1743 1744 1983 1818; x_wconf 87' lang='grc' dir='ltr'><em>βουλεύ-</em></span> 
     </span>
     <span class='ocr_line' id='line_1_21' title="bbox 300 1827 1979 1903; baseline -0.003 -16"><span class='ocrx_word' id='word_1_180' title='bbox 300 1849 453 1887; x_wconf 89' lang='grc' dir='ltr'><em>σαιτο</em></span> <span class='ocrx_word' id='word_1_181' title='bbox 467 1875 482 1900; x_wconf 85' lang='grc'><em>,</em></span> <span class='ocrx_word' id='word_1_182' title='bbox 503 1829 539 1903; x_wconf 81' lang='grc' dir='ltr'><strong><em>ἦ</em></strong></span> <span class='ocrx_word' id='word_1_183' title='bbox 560 1833 684 1901; x_wconf 87' lang='grc' dir='ltr'><em>περὶ</em></span> <span class='ocrx_word' id='word_1_184' title='bbox 705 1835 953 1897; x_wconf 85' lang='grc' dir='ltr'><em>παιδείας</em></span> <span class='ocrx_word' id='word_1_185' title='bbox 979 1833 1067 1887; x_wconf 84' lang='grc' dir='ltr'><em>καὶ</em></span> <span class='ocrx_word' id='word_1_186' title='bbox 1089 1831 1264 1887; x_wconf 84' lang='grc' dir='ltr'><em>αὑτοῦ</em></span> <span class='ocrx_word' id='word_1_187' title='bbox 1293 1832 1382 1886; x_wconf 86' lang='grc' dir='ltr'><em>καὶ</em></span> <span class='ocrx_word' id='word_1_188' title='bbox 1410 1837 1524 1885; x_wconf 79' lang='grc' dir='ltr'><em>τῶν</em></span> <span class='ocrx_word' id='word_1_189' title='bbox 1553 1827 1727 1884; x_wconf 85' lang='grc' dir='ltr'><em>αὑτοῦ</em></span> <span class='ocrx_word' id='word_1_190' title='bbox 1748 1833 1979 1884; x_wconf 85' lang='grc' dir='ltr'><em>οἰκείων.</em></span> 
     </span>
     <span class='ocr_line' id='line_1_22' title="bbox 301 1908 1980 1984; baseline -0.003 -14"><span class='ocrx_word' id='word_1_191' title='bbox 301 1920 523 1983; x_wconf 80' lang='grc' dir='ltr'><em>πρῶτον</em></span> <span class='ocrx_word' id='word_1_192' title='bbox 541 1914 642 1984; x_wconf 72' lang='grc' dir='ltr'><em>μὲν</em></span> <span class='ocrx_word' id='word_1_193' title='bbox 661 1908 767 1968; x_wconf 82' lang='grc' dir='ltr'><em>οὖν</em></span> <span class='ocrx_word' id='word_1_194' title='bbox 788 1915 893 1983; x_wconf 77' lang='grc' dir='ltr'><em>ἐγώ</em></span> <span class='ocrx_word' id='word_1_195' title='bbox 914 1937 970 1968; x_wconf 90' lang='grc' dir='ltr'><em>τε</em></span> <span class='ocrx_word' id='word_1_196' title='bbox 993 1913 1174 1969; x_wconf 78' lang='grc' dir='ltr'><em>καὶσὺ</em></span> <span class='ocrx_word' id='word_1_197' title='bbox 1196 1912 1760 1984; x_wconf 81' lang='grc' dir='ltr'><em>συνομολογήσωμεν,</em></span> <span class='ocrx_word' id='word_1_198' title='bbox 1781 1916 1836 1966; x_wconf 92' lang='grc' dir='ltr'><em>τί</em></span> <span class='ocrx_word' id='word_1_199' title='bbox 1850 1930 1980 1965; x_wconf 84' lang='grc' dir='ltr'><em>ποτε</em></span> 
     </span>
     <span class='ocr_line' id='line_1_23' title="bbox 300 1990 1981 2068; baseline -0.003 -16"><span class='ocrx_word' id='word_1_200' title='bbox 300 1997 532 2068; x_wconf 88' lang='grc' dir='ltr'><em>οἰόμεθα</em></span> <span class='ocrx_word' id='word_1_201' title='bbox 551 1993 701 2051; x_wconf 81' lang='grc' dir='ltr'><em>τοῦτ’</em></span> <span class='ocrx_word' id='word_1_202' title='bbox 728 1995 893 2066; x_wconf 82' lang='grc' dir='ltr'><em>εἶναι,</em></span> <span class='ocrx_word' id='word_1_203' title='bbox 928 1997 1049 2064; x_wconf 84' lang='grc' dir='ltr'><em>περὶ</em></span> <span class='ocrx_word' id='word_1_204' title='bbox 1082 1990 1153 2050; x_wconf 77' lang='grc' dir='ltr'><em>οὗ</em></span> <span class='ocrx_word' id='word_1_205' title='bbox 1172 1996 1590 2067; x_wconf 83' lang='grc' dir='ltr'><em>βουλευόμεθα·</em></span> <span class='ocrx_word' id='word_1_206' title='bbox 1625 1993 1698 2065; x_wconf 81' lang='grc' dir='ltr'><em>μὴ</em></span> <span class='ocrx_word' id='word_1_207' title='bbox 1718 1992 1824 2064; x_wconf 72' lang='grc' dir='ltr'><em>γὰρ</em></span> <span class='ocrx_word' id='word_1_208' title='bbox 1845 1999 1981 2047; x_wconf 87' lang='grc' dir='ltr'><em>πολ-</em></span> 
     </span>
     <span class='ocr_line' id='line_1_24' title="bbox 239 2073 1979 2150; baseline -0.003 -14"><span class='ocrx_word' id='word_1_209' title='bbox 239 2095 270 2137; x_wconf 87' lang='lat' dir='ltr'>G</span> <span class='ocrx_word' id='word_1_210' title='bbox 302 2080 458 2145; x_wconf 87' lang='grc' dir='ltr'><em>λάκις</em></span> <span class='ocrx_word' id='word_1_211' title='bbox 492 2078 597 2148; x_wconf 76' lang='grc' dir='ltr'><em>ἐγώ</em></span> <span class='ocrx_word' id='word_1_212' title='bbox 635 2079 738 2150; x_wconf 77' lang='grc' dir='ltr'><em>μὲν</em></span> <span class='ocrx_word' id='word_1_213' title='bbox 767 2077 899 2134; x_wconf 75' lang='grc' dir='ltr'><em>ἄλλο</em></span> <span class='ocrx_word' id='word_1_214' title='bbox 930 2100 980 2133; x_wconf 89' lang='grc' dir='ltr'><em>τι</em></span> <span class='ocrx_word' id='word_1_215' title='bbox 1011 2076 1144 2134; x_wconf 83' lang='grc' dir='ltr'><em>αὐτὸ</em></span> <span class='ocrx_word' id='word_1_216' title='bbox 1181 2077 1583 2148; x_wconf 74' lang='grc' dir='ltr'><em>ὑπολαμβάνω,</em></span> <span class='ocrx_word' id='word_1_217' title='bbox 1622 2074 1692 2131; x_wconf 81' lang='grc' dir='ltr'>σύ</span> <span class='ocrx_word' id='word_1_218' title='bbox 1730 2076 1789 2131; x_wconf 76' lang='grc' dir='ltr'><em>δὲ</em></span> <span class='ocrx_word' id='word_1_219' title='bbox 1826 2073 1979 2146; x_wconf 72' lang='grc' dir='ltr'><em>ἄλλο,</em></span> 
     </span>
     <span class='ocr_line' id='line_1_25' title="bbox 298 2156 1980 2231; baseline -0.002 -14"><span class='ocrx_word' id='word_1_220' title='bbox 298 2161 525 2217; x_wconf 76' lang='grc' dir='ltr'><em>κᾶπειτα</em></span> <span class='ocrx_word' id='word_1_221' title='bbox 546 2162 738 2231; x_wconf 87' lang='grc' dir='ltr'><em>πόρρω</em></span> <span class='ocrx_word' id='word_1_222' title='bbox 756 2181 866 2215; x_wconf 93' lang='grc' dir='ltr'><em>που</em></span> <span class='ocrx_word' id='word_1_223' title='bbox 885 2167 979 2231; x_wconf 85' lang='grc' dir='ltr'><em>τῆς</em></span> <span class='ocrx_word' id='word_1_224' title='bbox 999 2166 1298 2224; x_wconf 84' lang='grc' dir='ltr'><em>συνουσίας</em></span> <span class='ocrx_word' id='word_1_225' title='bbox 1315 2159 1644 2230; x_wconf 77' lang='grc' dir='ltr'><em>αἰσθώμεθα</em></span> <span class='ocrx_word' id='word_1_226' title='bbox 1661 2165 1864 2229; x_wconf 74' lang='grc' dir='ltr'><em>γελοῖοι</em></span> <span class='ocrx_word' id='word_1_227' title='bbox 1881 2156 1980 2214; x_wconf 85' lang='grc' dir='ltr'><em>ὅν-</em></span> 
     </span>
     <span class='ocr_line' id='line_1_26' title="bbox 296 2241 2028 2319; baseline -0.003 -18"><span class='ocrx_word' id='word_1_228' title='bbox 296 2268 409 2316; x_wconf 87' lang='grc' dir='ltr'><em>τες,</em></span> <span class='ocrx_word' id='word_1_229' title='bbox 449 2246 556 2316; x_wconf 74' lang='grc' dir='ltr'><em>ἐγω</em></span> <span class='ocrx_word' id='word_1_230' title='bbox 586 2267 643 2301; x_wconf 84' lang='grc' dir='ltr'><em>τε</em></span> <span class='ocrx_word' id='word_1_231' title='bbox 674 2242 701 2300; x_wconf 94' lang='lat'><em>6</em></span> <span class='ocrx_word' id='word_1_232' title='bbox 737 2245 1140 2316; x_wconf 88' lang='grc' dir='ltr'><em>συμβουλεύων</em></span> <span class='ocrx_word' id='word_1_233' title='bbox 1170 2245 1259 2299; x_wconf 87' lang='grc' dir='ltr'><em>καὶ</em></span> <span class='ocrx_word' id='word_1_234' title='bbox 1290 2241 1360 2304; x_wconf 81' lang='grc' dir='ltr'><em>σὺ</em></span> <span class='ocrx_word' id='word_1_235' title='bbox 1386 2241 1415 2299; x_wconf 89' lang='lat'><em>6</em></span> <span class='ocrx_word' id='word_1_236' title='bbox 1448 2242 1978 2314; x_wconf 82' lang='grc' dir='ltr'><em>συμβουλευόμενος,</em></span> <span class='ocrx_word' id='word_1_237' title='bbox 2015 2308 2028 2319; x_wconf 66' lang='lat'><em>.,</em></span> 
     </span>
     <span class='ocr_line' id='line_1_27' title="bbox 297 2325 1147 2399; baseline 0 -16"><span class='ocrx_word' id='word_1_238' title='bbox 297 2328 470 2399; x_wconf 82' lang='grc' dir='ltr'><em>μηδεν</em></span> <span class='ocrx_word' id='word_1_239' title='bbox 489 2350 600 2382; x_wconf 79' lang='grc' dir='ltr'><em>των</em></span> <span class='ocrx_word' id='word_1_240' title='bbox 621 2325 809 2382; x_wconf 81' lang='grc' dir='ltr'><em>αὐτων</em></span> <span class='ocrx_word' id='word_1_241' title='bbox 830 2325 1147 2398; x_wconf 79' lang='grc' dir='ltr'><em>ἡγούμενοι.</em></span> 
     </span>
     <span class='ocr_line' id='line_1_28' title="bbox 439 2401 2028 2482; baseline -0.003 -16"><span class='ocrx_word' id='word_1_242' title='bbox 439 2417 564 2466; x_wconf 90' lang='grc' dir='ltr'><em>ΛΗ.</em></span> <span class='ocrx_word' id='word_1_243' title='bbox 619 2410 778 2467; x_wconf 84' lang='grc' dir='ltr'><em>Ἀλλά</em></span> <span class='ocrx_word' id='word_1_244' title='bbox 808 2433 902 2482; x_wconf 90' lang='grc' dir='ltr'><em>μοι</em></span> <span class='ocrx_word' id='word_1_245' title='bbox 933 2415 1111 2475; x_wconf 87' lang='grc' dir='ltr'><em>δοκεῖς</em></span> <span class='ocrx_word' id='word_1_246' title='bbox 1139 2408 1328 2479; x_wconf 84' lang='grc' dir='ltr'><em>όρθως</em></span> <span class='ocrx_word' id='word_1_247' title='bbox 1357 2412 1562 2479; x_wconf 79' lang='grc' dir='ltr'><em>λέγειν,</em></span> <span class='ocrx_word' id='word_1_248' title='bbox 1604 2401 1647 2462; x_wconf 73' lang='grc' dir='ltr'><em>ὦ</em></span> <span class='ocrx_word' id='word_1_249' title='bbox 1667 2407 2019 2478; x_wconf 76' lang='grc' dir='ltr'><em>Σώκρατες,</em></span> <span class='ocrx_word' id='word_1_250' title='bbox 2012 2446 2028 2479; x_wconf 81' lang='lat'><em>··:</em></span> 
     </span>
     <span class='ocr_line' id='line_1_29' title="bbox 297 2489 2028 2566; baseline -0.002 -16"><span class='ocrx_word' id='word_1_251' title='bbox 297 2496 388 2550; x_wconf 85' lang='grc' dir='ltr'><em>καὶ</em></span> <span class='ocrx_word' id='word_1_252' title='bbox 406 2505 584 2549; x_wconf 86' lang='grc' dir='ltr'><em>ποιεῖν</em></span> <span class='ocrx_word' id='word_1_253' title='bbox 603 2493 703 2564; x_wconf 90' lang='grc' dir='ltr'><em>χρὴ</em></span> <span class='ocrx_word' id='word_1_254' title='bbox 725 2492 916 2559; x_wconf 86' lang='grc' dir='ltr'><em>ούτως.</em></span> <span class='ocrx_word' id='word_1_255' title='bbox 2015 2489 2028 2566; x_wconf 68' lang='grc' dir='ltr'>ξ</span> 
     </span>
     <span class='ocr_line' id='line_1_30' title="bbox 437 2572 1974 2646; baseline -0.002 -16"><span class='ocrx_word' id='word_1_256' title='bbox 437 2581 561 2631; x_wconf 72' lang='grc' dir='ltr'><em>ΣΩ.</em></span> <span class='ocrx_word' id='word_1_257' title='bbox 618 2576 728 2631; x_wconf 86' lang='grc' dir='ltr'><em>Καὶ</em></span> <span class='ocrx_word' id='word_1_258' title='bbox 750 2580 892 2646; x_wconf 79' lang='grc' dir='ltr'><em>λέγω</em></span> <span class='ocrx_word' id='word_1_259' title='bbox 922 2597 985 2646; x_wconf 78' lang='grc' dir='ltr'><em>γε</em></span> <span class='ocrx_word' id='word_1_260' title='bbox 1013 2572 1227 2646; x_wconf 77' lang='grc' dir='ltr'><em>ὀρθῶς,</em></span> <span class='ocrx_word' id='word_1_261' title='bbox 1268 2573 1337 2631; x_wconf 85' lang='grc' dir='ltr'><em>οῦ</em></span> <span class='ocrx_word' id='word_1_262' title='bbox 1357 2576 1543 2646; x_wconf 83' lang='grc' dir='ltr'><em>μέντοι</em></span> <span class='ocrx_word' id='word_1_263' title='bbox 1565 2573 1883 2630; x_wconf 87' lang='grc' dir='ltr'><em>παντάπασί</em></span> <span class='ocrx_word' id='word_1_264' title='bbox 1895 2593 1974 2643; x_wconf 76' lang='grc' dir='ltr'><em>γε,</em></span> 
     </span>
     <span class='ocr_line' id='line_1_31' title="bbox 297 2653 1977 2758; baseline -0.003 -44"><span class='ocrx_word' id='word_1_265' title='bbox 297 2656 536 2730; x_wconf 85' lang='grc' dir='ltr'><em>σμικρὸν</em></span> <span class='ocrx_word' id='word_1_266' title='bbox 562 2657 668 2728; x_wconf 79' lang='grc' dir='ltr'><em>γάρ</em></span> <span class='ocrx_word' id='word_1_267' title='bbox 690 2679 741 2712; x_wconf 90' lang='grc' dir='ltr'><em>τι</em></span> <span class='ocrx_word' id='word_1_268' title='bbox 761 2663 1132 2728; x_wconf 87' lang='grc' dir='ltr'><em>μετατίθεμαι.</em></span> <span class='ocrx_word' id='word_1_269' title='bbox 1170 2659 1346 2713; x_wconf 86' lang='grc' dir='ltr'><em>ἐννοω</em></span> <span class='ocrx_word' id='word_1_270' title='bbox 1338 2657 1470 2758; x_wconf 44' lang='grc' dir='ltr'><em>ἶΗγάρ</em></span> <span class='ocrx_word' id='word_1_271' title='bbox 1486 2699 1499 2725; x_wconf 91' lang='grc'><em>,</em></span> <span class='ocrx_word' id='word_1_272' title='bbox 1537 2655 1609 2727; x_wconf 85' lang='grc' dir='ltr'><em>μὴ</em></span> <span class='ocrx_word' id='word_1_273' title='bbox 1630 2653 1767 2712; x_wconf 83' lang='grc' dir='ltr'><em>καὶὸ</em></span> <span class='ocrx_word' id='word_1_274' title='bbox 1787 2675 1977 2726; x_wconf 87' lang='grc' dir='ltr'><em>μειρα-</em></span> 
     </span>
     <span class='ocr_line' id='line_1_32' title="bbox 298 2733 2028 2820; baseline -0.003 -23"><span class='ocrx_word' id='word_1_275' title='bbox 298 2747 483 2805; x_wconf 81' lang='grc' dir='ltr'><em>κίσκος</em></span> <span class='ocrx_word' id='word_1_276' title='bbox 504 2762 667 2805; x_wconf 90' lang='grc' dir='ltr'><em>ουτος</em></span> <span class='ocrx_word' id='word_1_277' title='bbox 689 2737 758 2795; x_wconf 80' lang='grc' dir='ltr'><em>οὐ</em></span> <span class='ocrx_word' id='word_1_278' title='bbox 778 2739 982 2795; x_wconf 88' lang='grc' dir='ltr'><em>τούτου</em></span> <span class='ocrx_word' id='word_1_279' title='bbox 1001 2743 1263 2813; x_wconf 83' lang='grc' dir='ltr'><em>ἐπιθυμῇ,</em></span> <span class='ocrx_word' id='word_1_280' title='bbox 1288 2762 1357 2795; x_wconf 95' lang='grc' dir='ltr'><em>ου</em></span> <span class='ocrx_word' id='word_1_281' title='bbox 1376 2737 1528 2810; x_wconf 84' lang='grc' dir='ltr'><em>ἡμεῖς</em></span> <span class='ocrx_word' id='word_1_282' title='bbox 1548 2736 1719 2793; x_wconf 77' lang='grc' dir='ltr'><em>αὐτὸν</em></span> <span class='ocrx_word' id='word_1_283' title='bbox 1742 2733 2028 2808; x_wconf 74' lang='grc' dir='ltr'><em>οἰόμεθα4</em></span> <span class='ocrx_word' id='word_1_284' title='bbox 2011 2747 2028 2820; x_wconf 58' lang='lat'><em>3.</em></span> 
     </span>
    </p>
   </div>
   <div class='ocr_carea' id='block_1_3' title="bbox 234 2809 2028 2958">
    <p class='ocr_par' dir='ltr' id='par_1_3' title="bbox 234 2809 2028 2958">
     <span class='ocr_line' id='line_1_33' title="bbox 234 2809 2028 2900; baseline -0.002 -21"><span class='ocrx_word' id='word_1_285' title='bbox 234 2839 268 2879; x_wconf 82' lang='lat' dir='ltr'>D</span> <span class='ocrx_word' id='word_1_286' title='bbox 300 2825 609 2894; x_wconf 81' lang='grc' dir='ltr'><em>ἐπιθυμεῖν,</em></span> <span class='ocrx_word' id='word_1_287' title='bbox 629 2820 754 2878; x_wconf 81' lang='grc' dir='ltr'><em>ἀλλ’</em></span> <span class='ocrx_word' id='word_1_288' title='bbox 776 2823 981 2895; x_wconf 83' lang='grc' dir='ltr'><em>ἑτέρου,</em></span> <span class='ocrx_word' id='word_1_289' title='bbox 1006 2821 1093 2878; x_wconf 83' lang='grc' dir='ltr'><em>εἶτ’</em></span> <span class='ocrx_word' id='word_1_290' title='bbox 1115 2845 1187 2878; x_wconf 91' lang='grc' dir='ltr'><em>αυ</em></span> <span class='ocrx_word' id='word_1_291' title='bbox 1206 2821 1357 2895; x_wconf 83' lang='grc' dir='ltr'><em>ἡμεῖς</em></span> <span class='ocrx_word' id='word_1_292' title='bbox 1377 2828 1454 2879; x_wconf 84' lang='grc' dir='ltr'><em>ἔτι</em></span> <span class='ocrx_word' id='word_1_293' title='bbox 1473 2820 1806 2889; x_wconf 74' lang='grc' dir='ltr'><em>ἀτοπώτεροι</em></span> <span class='ocrx_word' id='word_1_294' title='bbox 1828 2822 1975 2891; x_wconf 75' lang='grc' dir='ltr'><em>ὦμεν</em></span> <span class='ocrx_word' id='word_1_295' title='bbox 2008 2809 2028 2900; x_wconf 59' lang='lat' dir='ltr'><em>J}</em></span> 
     </span>
     <span class='ocr_line' id='line_1_34' title="bbox 2015 2916 2028 2958; baseline 0 0"><span class='ocrx_word' id='word_1_296' title='bbox 2015 2916 2028 2958; x_wconf 52' lang='grc' dir='ltr'>ἒ</span> 
     </span>
    </p>
   </div>
  </div>
 </body>
</html>
