2028 3198
191 174 291 226 188
809 175 1290 224 ΠΛΑΤΩΝΟΣ
1811 186 1872 228 50

188 312 278 365 καὶ
309 309 405 366 τὸν
430 307 722 379 Ἀγάθωνα
751 315 939 364 καλεῖν
968 307 1156 364 αὐτόν.
1195 312 1285 366 καὶ
1313 309 1412 365 τὸν
1435 311 1572 365 ἰέναι
1593 299 1869 380 ἀγόμενον

188 390 296 447 ὑπὸ
319 398 429 446 τῶν
449 389 798 461 ἀνθρώπων,
830 392 920 446 καὶ
941 391 1399 462 περιαιρούμενον
1418 390 1530 462 ἅμα
1547 390 1644 457 τὰς
1663 398 1871 457 ταινίας

188 471 260 539 ὡς
289 472 666 544 άναδήσοντα,
707 476 1047 541 ἐπίπροσθεν
1073 481 1186 530 τῶν
1221 473 1534 546 ὀφθαλμῶν
1571 480 1763 546 ἔχοντα
1801 474 1870 530 οὐ

185 559 427 612 κατιδεῖν
447 554 546 611 τὸν
564 555 865 626 Σωκράτη,
905 553 1040 611 ἀλλὰ
1063 560 1390 622 καθίζεσθαι
1407 555 1554 627 παρὰ
1585 558 1684 612 τὸν
1707 554 1868 627 Ἀγά-

71 709 78 719 ἴ
127 652 157 691 13
187 648 348 695 θωνα
382 642 442 694 ἐν
473 640 618 712 μέσω
640 638 979 707 Σωκράτους
1006 660 1062 693 τε
1082 639 1173 694 καὶ
1195 641 1436 694 ἐκείνου’
1475 647 1868 711 παραχωρῆσαι

142 721 292 793 γὰρ
312 719 411 778 τὸν
434 720 707 791 Σωκράτη
729 742 802 799 ως
823 722 1034 775 ἐκεῖνον
1051 725 1310 786 καθίζειν.
1343 722 1867 792 παρακαθεζόμενον

187 806 245 859 δε
265 802 439 858 αὐτὸν
458 794 805 868 ἀσπάζεσθαί
818 823 874 856 τε
893 801 992 857 τὸν
1007 800 1297 872 Ἀγάθωνα
1315 804 1402 858 καὶ
1426 801 1665 859 αναδεῖν.
1696 808 1863 858 εἰπεῖν

187 880 292 941 οὖν
310 885 408 941 τόν
424 885 716 956 Ἀγάθωνα
731 883 1019 941 Ὺπολύετε
1033 927 1047 954 ,
1070 887 1287 953 παῖδες,
1309 881 1678 955 Ἀλκιβιάδην,
1698 888 1788 940 ἵνα
1808 888 1864 940 ἐκ

185 975 385 1039 τρίτων
421 971 761 1039 κατακέηται.
835 967 999 1022 Πάνυ
1035 987 1125 1036 γε,
1163 970 1334 1021 εἰπεῖν
1363 965 1462 1020 τὸν
1492 964 1862 1037 Ἀλκιβιάδην·

186 1048 324 1105 ἄλλα
355 1056 434 1113 τίς
461 1047 595 1120 ἡμῖν
626 1048 721 1104 ὅδε
749 1054 928 1120 τρίτος
959 1048 1263 1119 συμπότης;
1313 1050 1402 1102 καὶ
1433 1046 1543 1118 ἅμα
1571 1067 1862 1119 μεταστρε-

186 1131 436 1202 φόμενον
454 1128 628 1186 αὐτὸν
660 1127 801 1203 ὁρᾶν
830 1130 927 1186 τὸν
947 1129 1268 1233 Σωκράτη,
1287 1130 1475 1185 ἰδόντα
1498 1131 1557 1185 δὲ
1577 1129 1862 1200 ἀναπηδῆ-

185 1229 276 1267 σαι
295 1214 385 1268 καὶ
405 1217 575 1268 εἰπεῖν
594 1206 658 1266 Ὦ
669 1210 972 1281 Ἡράκλεις,
993 1214 1144 1266 τουτὶ
1164 1216 1220 1265 τί
1230 1213 1330 1281 η’ν;
1353 1211 1654 1282 Σωκράτης
1673 1214 1861 1275 ούτος·
1849 1253 1864 1277 ,

126 1301 157 1343 C
187 1297 427 1364 ἐλλοχῶν
447 1287 519 1348 αὖ
537 1315 602 1363 με
634 1295 879 1348 ἐνταῦθα
908 1295 1217 1361 κατέκεισο,
1258 1291 1440 1360 ω’σπερ
1479 1293 1696 1358 εἰωθεις
1725 1294 1864 1358 ἐξαί-

187 1396 330 1445 φνης
361 1374 773 1445 ἀναφαίνεσθαι
802 1373 944 1430 όπου
980 1373 1086 1473 ἐγω
1112 1372 1266 1446 ω’μην
1302 1372 1501 1444 ἥκιστά
1532 1390 1592 1428 σε
1623 1378 1861 1429 ἔσεσθαι.

186 1457 275 1510 καὶ
311 1461 420 1510 νῦν
454 1461 510 1510 τί
540 1454 716 1527 η’κεις;
754 1458 846 1511 καὶ
873 1465 927 1512 τί
955 1458 1027 1510 αὐ
1048 1458 1293 1510 ἐνταῦθα
1314 1462 1656 1526 κατεκλίνης,
1686 1457 1775 1509 καὶ
1796 1453 1862 1508 οὐ

185 1535 334 1603 παρὰ
357 1534 741 1608 Ἀριστοφάνει
773 1536 904 1592 οὐδε
934 1545 1087 1601 εἴτις
1117 1537 1282 1601 ἄλλος
1307 1544 1519 1606 γελοῖος
1547 1540 1658 1590 ἔστι
1685 1557 1743 1590 τε
1772 1537 1861 1590 καὶ

184 1619 472 1690 βούλεται,
520 1618 656 1674 άλλά
699 1620 1075 1690 διεμηχανήσω
1114 1617 1262 1682 ὅπως
1298 1619 1445 1688 παρὰ
1483 1624 1558 1692 τῷ
1594 1623 1862 1690 καλλίστω

181 1707 295 1753 τῶν
315 1704 479 1756 ἔνδον
498 1708 832 1767 κατακείσει;
870 1704 959 1756 καὶ
980 1699 1079 1756 τὸν
1098 1700 1397 1771 Σωκράτη,
1430 1699 1712 1771 Ἀγάθων,
1753 1699 1863 1769 φά-

182 1803 305 1851 ναι,
328 1780 431 1850 ὅρα
453 1791 506 1838 εἴ
519 1805 612 1852 μοι
633 1783 954 1853 ἐπαμύνεις·
988 1779 1059 1846 ὡς
1078 1783 1195 1852 ἐμοὶ
1214 1780 1242 1837 ὁ
1264 1782 1467 1837 τούτου
1489 1786 1626 1851 ἔρως
1645 1788 1744 1836 τοῦ
1764 1779 1861 1835 α’ν-

182 1862 420 1931 θρώπου
440 1862 506 1917 οὐ
527 1870 746 1932 φαῦλον
765 1871 988 1933 πρᾶγμα
1007 1866 1251 1933 γέγονεν.
1281 1862 1377 1918 ἄπ’
1401 1867 1618 1919 ἐκείνου
1637 1861 1742 1932 γάρ
1764 1868 1864 1917 τοῦ

183 1943 415 2014 χρόνου,
439 1942 538 2015 (ἐφ’
564 1938 636 1999 οὗ
655 1944 858 1999 τούτου
882 1943 1170 2015 ἠράσθην,
1208 1943 1391 1999 οὐκέτι
1420 1948 1593 2009 ἔξεστί
1615 1966 1707 2014 μοι
1736 1942 1862 1998 οὔτε

117 2041 152 2082 D
184 2027 526 2095 προσβλέψαι
562 2024 690 2081 οὔτε
729 2029 1084 2096 διαλεχθῆναι
1119 2030 1272 2094 καλῶ
1309 2022 1430 2079 οὐδ’
1465 2025 1571 2094 ἑνί,
1611 2049 1643 2095 η
1676 2022 1863 2079 οὑτοσὶ

185 2109 504 2176 ζηλοτυπῶν
531 2127 596 2176 με
626 2109 716 2162 καὶ
745 2113 983 2177 φθονῶν
1002 2103 1296 2176 θαυμαστά
1319 2104 1596 2174 ἐργάζεται
1625 2106 1715 2160 καὶ
1746 2112 1862 2159 λοι-

185 2190 430 2257 δορεῑταί
442 2209 498 2242 τε
519 2190 610 2243 καὶ
631 2187 704 2243 τῶ
725 2200 870 2259 χεῖρε
890 2188 1048 2259 μόγις
1068 2185 1332 2256 ἀπέχεται.
1357 2185 1460 2257 ὅρα
1481 2181 1587 2242 οὖν
1606 2187 1679 2257 μή
1702 2209 1749 2241 τι
1771 2189 1861 2241 καὶ

183 2274 292 2322 νῦν
311 2269 622 2340 ἐργάσηται,
643 2268 780 2326 ἄλλα
803 2270 1095 2335 διάλλαξον
1116 2267 1285 2340 ἡμᾶς,
1304 2264 1340 2339 ἢ
1359 2266 1457 2324 ἐὰν
1476 2271 1715 2340 ἐπιχειρῇ
1735 2269 1861 2340 βιά-

186 2354 398 2415 ζεσθαι,
435 2350 681 2420 ἐπάμυνε
694 2393 710 2422 ,
742 2350 816 2416 ῶς
834 2349 939 2422 ἐγώ
961 2349 1061 2423 τὴν
1080 2350 1283 2406 τούτου
1302 2356 1506 2420 μανίαν
1525 2372 1581 2406 τε
1597 2352 1687 2406 καὶ
1708 2357 1860 2420 φιλε-

186 2434 415 2497 ραστίαν
443 2430 594 2485 πάνυ
625 2430 868 2502 ὀρρωδῶ.
937 2430 1083 2488 Ἀλλ’
1123 2430 1225 2487 οὐκ
1254 2435 1391 2501 ἔστι,
1434 2433 1607 2503 φάναι
1626 2430 1861 2488 τόνἈλ-

185 2510 470 2582 κιβιάδην,
490 2512 609 2580 ἐμοὶ
629 2516 717 2566 καὶ
738 2515 824 2568 σοὶ
845 2514 1124 2584 διαλλαγή.
1161 2512 1300 2569 ἄλλα
1321 2512 1534 2569 τούτων
1552 2514 1653 2585 μὲν
1674 2519 1861 2569 εἰσαῦ-

184 2597 276 2656 θίς
294 2609 355 2647 σε
374 2593 773 2664 τιμωρήσομαι·
797 2602 906 2650 νῦν
930 2597 993 2650 δέ
1007 2617 1125 2664 μοι,
1151 2593 1436 2667 Ἀγάθων,
1458 2595 1658 2667 φάναι,
1695 2593 1860 2665 μετά-

121 2682 156 2723 Ε
189 2677 282 2738 δος
300 2679 412 2728 τῶν
431 2681 674 2746 ταινιῶν,
697 2679 788 2730 ἵνα
809 2675 1172 2747 ἆναδήσωμεν
1190 2679 1280 2733 καὶ
1296 2676 1399 2748 τὴν
1417 2677 1618 2733 τούτου
1638 2675 1859 2744 ταυτηνὶ

183 2752 286 2822 τὴν
304 2755 635 2827 θαυμαστὴν
655 2757 934 2828 κεφαλήν,
955 2759 1046 2813 καὶ
1064 2759 1139 2829 μή
1157 2780 1249 2830 μοι
1265 2763 1556 2829 μέμφηται,
1578 2755 1662 2812 ὅτι
1681 2755 1740 2812 σὲ
1758 2757 1859 2826 μὲν

185 2831 442 2906 άνέδησα,
462 2834 636 2893 αὐτὸν
657 2841 716 2893 δὲ
735 2844 974 2894 νικῶντα
996 2842 1054 2894 ἐν
1074 2840 1259 2909 λόγοις
1277 2838 1484 2902 πάντας
1501 2835 1854 2907 ἀνθρώπους,
