2028 3198
228 113 299 165 40
830 109 1312 158 ΠΛΑΤῼΝΟΣ

230 245 315 316 δή.
375 243 497 300 Οὐκ
522 242 630 314 ἄρα
657 248 770 297 τῶν
799 247 1022 296 πολλῶν
1051 237 1182 296 οὐδὲ
1211 240 1436 297 πάντων
1470 242 1531 297 τὸ
1568 241 1766 342 μόριον
1801 242 1902 314 μό-

228 349 378 397 ριον,
420 325 558 381 ἀλλὰ
575 331 700 395 μιᾶς
727 321 876 388 τινὸς
904 324 1050 388 ἰδέας
1079 323 1227 379 καὶ”
1201 323 1325 387 ενός
1351 344 1524 395 τινος,
1564 321 1596 379 ὃ
1623 331 1902 395 καλοῦμεν

162 426 196 466 F
226 408 387 506 ὅλον,
425 410 478 472 ἐξ
509 404 771 461 ἁπάντων
794 407 855 459 ἓν
871 405 1078 459 τέλειον
1098 405 1351 475 γεγονός,
1389 405 1591 461 τούτου
1610 406 1810 477 μόριον
1830 403 1901 462 ἀν

226 486 286 544 τὸ
312 488 510 559 μόριον
532 495 630 557 εἴη.
680 486 1006 542 Παντάπασι
1023 487 1126 556 μὲν
1143 490 1262 543 οὐν.
1311 488 1423 544 Ee'
1401 488 1508 557 άρα
1536 492 1706 544 τάλλα
1735 489 1900 588 μόρια

227 575 357 641 ἔχει,
379 566 486 625 κᾶν
505 575 606 625 τοῦ
626 568 762 624 ὅλου
780 589 837 623 τε
857 570 996 624 καὶ
968 567 1091 634 ενὸς
1110 572 1336 640 μετέχοι.
1384 570 1547 626 Πάνυ
1566 593 1642 641 γε.
1677 568 1817 626 'Ev'
1794 571 1900 639 άρα

227 651 362 708 ὅλον
395 655 604 707 τέλειον
639 651 806 722 μόρια
841 655 966 721 ἔχον
1003 648 1215 721 ἀνάγκη
1253 651 1394 706 εἶναι
1428 645 1600 708 τᾶλλα
1629 659 1731 707 τοῦ
1758 653 1894 718 ἑνός.

220 732 473 804 Ἀνάγκη.
507 735 615 789 Καὶ
635 732 746 804 μὴν
765 734 856 789 καὶ
875 734 998 801 περὶ
1013 740 1114 787 τοῦ
1133 740 1332 802 μορίου
1350 754 1412 802 γε
1431 734 1665 789 ἑκάστου
1684 732 1712 790 ὁ
1735 734 1895 798 αὐτός

227 815 403 886 λόγος.
457 817 547 871 καὶ
573 814 679 885 γὰρ
709 821 871 870 τοῦτο
901 813 1115 885 ἀνάγκη
1146 818 1388 886 μετέχειν
1414 822 1515 871 τοῦ
1538 816 1674 880 ἑνός.
1728 822 1777 872 εἰ
1791 814 1895 887 γὰρ

113 913 197 956 158
226 899 456 953 ἕκαστον
477 895 663 952 αὐτῶν
682 896 884 967 μόριόν
903 898 1030 966 ἐστι,
1051 896 1116 951 τό
1133 918 1195 966 γε
1215 898 1448 953 ἕκαστον
1467 897 1606 954 εἶναι
1626 901 1686 953 ἓν
1702 899 1770 970 δή
1786 918 1895 952 που

226 986 503 1052 σημαίνει,
525 978 916 1078 ἀφωρισμένον
939 980 1040 1048 μὲν
1055 985 1166 1034 τῶν
1186 978 1397 1050 ἄλλων,
1418 978 1552 1035 καθ’
1579 979 1714 1036 αὑτὸ
1735 979 1792 1034 δὲ
1810 978 1893 1047 ὅν,

226 1071 377 1133 εἴπερ
409 1064 641 1118 ε’καστον
666 1066 827 1116 ἔσται.
873 1058 1097 1130 Ὀρθῶς.
1153 1065 1389 1132 Μετέχοι
1409 1066 1471 1117 δέ
1483 1085 1545 1133 γε
1565 1059 1638 1119 ἂν
1655 1069 1754 1118 τοῦ
1773 1059 1894 1125 ἒνός

712 1139 735 1159 Ἃ
802 1139 879 1162 Ἃρ]

226 1145 447 1216 δῆλον
427 1145 513 1201 ότι
540 1145 674 1200 ἄλλο
703 1166 771 1199 ον
791 1165 823 1212 η
846 1141 1042 1197 εν·οὐ
1061 1142 1167 1213 γὰρ
1190 1139 1262 1198 ἀν
1281 1156 1548 1214 μετεῖχεν,
1589 1141 1708 1199 ἀλλ’
1730 1138 1849 1214 ἦν
1824 1165 1894 1197 αν

225 1225 360 1283 αὐτὸ
382 1228 469 1282 έν·
499 1232 608 1281 νῦν
629 1226 733 1280 6³3⁰
706 1227 785 1281 ενὶ
803 1247 905 1294 μεν
926 1224 1064 1279 εἶναι
1085 1223 1230 1295 πλὴν
1249 1223 1398 1299 αυτςδ
1418 1231 1492 1299 τῷ
1515 1227 1594 1281 ἑνὶ
1614 1223 1892 1280 ἀδύνατόν

222 1329 348 1364 που.
396 1307 713 1363 Ἀδύνατον.
753 1311 1020 1375 Μετέχειν
1040 1306 1098 1362 δὲ
1116 1314 1218 1361 τοῦ
1237 1305 1359 1372 ἑνὸς
1379 1305 1592 1379 ἀνάγκη
1612 1314 1685 1381 τῷ
1705 1329 1762 1363 τε
1783 1306 1892 1362 ὅλω

222 1392 314 1446 καὶ
336 1397 414 1462 τῷ
436 1395 626 1462 μορίῳ.
673 1387 734 1443 τό
758 1392 858 1458 μὲν
876 1387 982 1458 γὰρ
1004 1390 1064 1442 ἓν
1084 1386 1218 1443 ὅλον
1235 1393 1411 1459 ἔσται,
1435 1411 1504 1444 ου
1522 1390 1688 1460 μόρια
1705 1389 1770 1444 τοὶ
1791 1390 1892 1460 μό-

223 1493 339 1543 ρια’
377 1470 438 1527 τὸ
470 1470 519 1526 δ’
558 1474 629 1525 αὐ
659 1472 893 1525 ἕκαστον
924 1472 985 1524 ἓν
1010 1469 1209 1571 μόριον
1238 1476 1339 1525 τοῦ
1358 1471 1521 1541 ὅλου,
1560 1465 1632 1525 οὗ
1650 1465 1895 1541 ἀνῇμό-

158 1570 190 1610 Β
222 1575 346 1623 ριον
365 1553 516 1610 ὅλου.
571 1552 778 1616 Οὕτως.
841 1549 1111 1606 Ουκοῦν
1089 1554 1246 1621 έτερα
1266 1551 1400 1607 ὄντα
1418 1559 1517 1608 τοῦ
1537 1552 1660 1617 ἑνὸς
1679 1555 1895 1623 μεθέξει

219 1634 285 1690 τὰ
316 1638 609 1706 μετέχοντα
637 1632 840 1698 αὐτοῦ;
879 1639 1009 1697 Πῶς
1038 1632 1087 1688 δ’
1122 1632 1220 1701 οὔ;
1266 1632 1344 1689 Τὰ
1376 1632 1427 1690 δ’
1463 1635 1620 1704 ἕτερα
1651 1642 1751 1689 τοῦ
1771 1634 1894 1700 ἑνὸς

219 1716 397 1771 πολλά
429 1736 540 1770 που
570 1711 642 1769 ἂν
675 1722 771 1785 εἴη.
833 1720 882 1769 εἰ
910 1714 1198 1787 γάρ-μήθ’
1230 1719 1292 1771 ἓν
1321 1715 1461 1788 μήθ’
1482 1715 1606 1781 ἑνὸς
1624 1724 1789 1773 πλείω
1811 1725 1891 1788 εἴη

219 1791 389 1852 τᾶλλα
419 1803 520 1851 τοῦ
550 1797 701 1865 ἑνός,
740 1794 908 1852 οὐδὲν
930 1792 1001 1849 ἀν
1023 1806 1119 1866 εἴη.
1179 1797 1263 1852 Οὐ
1283 1797 1390 1867 γάρ
1412 1792 1531 1852 οὖν.
1590 1796 1731 1854 Ἐπεὶ
1752 1803 1815 1854 δέ
1830 1820 1892 1868 γε

219 1883 385 1933 πλείω
421 1876 545 1940 ἑνός
582 1879 694 1931 ἐστι
729 1876 795 1931 τά
829 1899 887 1932 τε
913 1884 1016 1931 τοῦ
1043 1877 1166 1942 ἑνὸς
1193 1885 1390 1948 μορίου
1419 1881 1510 1933 καὶ
1538 1877 1606 1933 τὰ
1638 1885 1739 1933 τοῦ
1771 1879 1894 1943 ἑνὸς

220 1958 357 2015 ὅλου
394 1961 714 2029 μετέχοντα,
756 1956 860 2013 οὐκ
898 1956 1108 2030 ἀνάγκη
1145 1959 1249 2030 ἤδη
1287 1960 1490 2030 πλήθει
1527 1958 1724 2027 ἄπειρα
1756 1958 1892 2014 εἶναι

220 2038 360 2096 αὐτά
389 2062 452 2111 γε
480 2041 661 2095 ἐκεῖνα
678 2038 745 2094 τοι
765 2041 1254 2110 μεταλαμβάνοντα
1273 2049 1374 2097 τοῦ
1393 2041 1538 2105 ἑνόςς
1573 2048 1731 2107 110393
1763 2034 1890 2096 Ὧδε

219 2127 438 2194 ἴδωμεν.
477 2121 610 2176 ἄλλο
627 2143 678 2176 τι
698 2118 797 2191 οὐχ
816 2120 928 2176 ἓν”
897 2143 1030 2176 οντα
1049 2121 1179 2178 οὐδὲ
1194 2125 1483 2193 μετέχοντα
1499 2128 1598 2178 τοῦ
1615 2122 1736 2188 ἑνὸς
1750 2124 1890 2193 τότε,

158 2225 190 2265 c
219 2203 310 2260 ὅτε
329 2204 733 2303 μεταλαμβάνει
752 2202 955 2274 αὐτοῦ,
978 2204 1407 2276 μεταλαμβάνεις
1433 2210 1592 2275 Δῆλα
1612 2206 1693 2275 δή.
1737 2203 1891 2260 Οὐκ·-

218 2292 322 2340 οῦν
350 2286 537 2357 πλήθη
569 2285 730 2355 ὄντα,
769 2288 830 2340 ἐν
864 2283 945 2351 οἷς
973 2285 1035 2342 τὸ
1067 2289 1127 2341 ἓν
1156 2285 1260 2341 οὐκ
1302 2291 1411 2353 ε’νι;
1447 2286 1648 2356 Πλήθη
1688 2289 1889 2356 μέντοι.

222 2373 291 2421 Τί
305 2369 438 2433 οὐν;
460 2372 510 2421 εί
526 2368 813 2435 ἐθέλοιμεν
832 2375 898 2438 τῇ
920 2371 1134 2423 διανοία
1153 2390 1267 2422 των
1287 2369 1554 2423 τοιούτων
1572 2366 1797 2438 ἀφελεῖν
1818 2389 1892 2431 ως

217 2443 327 2503 οἶοί
352 2450 413 2503 τέ
436 2451 602 2518 ε’σμεν
629 2447 664 2502 δ’
681 2471 732 2502 τι
761 2446 1066 2519 ὀλίγιστον,
1107 2448 1208 2504 οὐκ
1230 2448 1443 2520 ἀνάγκη
1462 2452 1554 2505 καὶ
1571 2450 1632 2505 τὸ
1655 2448 1890 2520 ἀφαιρε-

215 2530 321 2586 θὲν
350 2531 526 2585 ἐκεῖνο
540 2571 556 2599 ,
596 2537 747 2598 εἴπερ
769 2537 867 2584 τοῦ
889 2530 1011 2596 ἑνὸς
1031 2531 1103 2601 μὴ
1126 2534 1367 2601 μετέχοι,
1406 2537 1622 2601 πλῆθος
1642 2530 1780 2586 εἶναι
1799 2533 1887 2586 καὶ

220 2609 320 2681 οὐχ
354 2612 443 2676 ἕν;
479 2609 726 2680 Ἀνάγκη.
787 2609 1015 2666 Οὐκοῦν
1050 2612 1225 2676 οὕτως
1261 2611 1345 2668 ἀεὶ
1379 2618 1680 2667 σκοποῦντι
1713 2609 1888 2679 αὐτὴν

217 2690 350 2748 καθ’
377 2690 554 2763 αὑτὴν
572 2690 676 2762 τὴν
695 2692 885 2758 ἑτέραν
905 2693 1077 2761 φύσιν
1094 2701 1195 2748 τοῦ
1215 2697 1422 2764 εἴδους,
1461 2691 1599 2747 ὅσον
1628 2689 1699 2746 ἀν
1718 2690 1886 2761 αὐτῆς

215 2773 300 2829 αἐὶ
330 2772 575 2844 ὁρῶμεν,
612 2771 840 2841 ἄπειρον
869 2777 1015 2828 ἔσται
1036 2775 1266 2846 πλήθει;
1302 2773 1628 2828 Παντάπασι
1647 2771 1747 2841 μὲν
1767 2765 1870 2826 οὖν
