2028 3198
189 196 301 226 xxvi
898 183 1289 224 PRAEFATIO.

187 301 326 343 secali
357 301 582 354 repetitum
621 298 804 340 exhibet.
850 324 892 329 -
926 298 1026 338 Mox
1055 297 1338 352 Καλλικρίτη
1370 311 1447 352 pro
1485 295 1780 356 Καλλικρήτῃ
1807 303 1989 358 Bergkio

187 359 380 412 debetur,
415 359 536 410 cujus
567 357 902 397 emendationem
935 356 990 396 ad
1015 356 1172 399 Anacr.
1198 355 1352 411 fragm.
1379 368 1424 410 p.
1443 355 1530 400 264
1559 360 1822 424 propositam
1846 362 1987 402 Turic.

218 429 357 467 uoque
399 416 439 455 in
485 415 717 455 novissima
756 413 940 454 editione
981 413 1164 466 amplexi
1206 421 1317 454 sunt.
1348 439 1406 446 -
1437 416 1485 456 Ρ.
1527 414 1610 458 126
1642 418 1680 456 A
1718 427 1872 470 ωσπερ
1909 415 1989 458 καὶ

186 469 318 513 ἄλλοι
343 472 376 514 Ο
402 479 442 512 et
467 472 520 520 V,
553 463 708 523 ω’σπερ
740 466 820 510 καὶ
851 464 902 510 οἱ
929 462 1058 510 ἄλλοι
1087 471 1189 512 BST
1216 485 1268 512 ex
1296 472 1415 513 libris
1443 473 1734 515 deterioribus.
1757 498 1809 505 —
1834 477 1882 520 Ρ.
1906 474 1990 518 128

189 532 222 572 B
256 529 392 570 δοκεῖ
415 543 460 569 τι
490 523 555 568 ἔτι
582 530 669 578 VB,
684 483 838 568 ρδοκεῑ
861 522 927 567 ἔτι
959 525 1001 577 S,
1037 525 1173 568 δοκεῖ
1198 542 1241 568 τι
1274 530 1333 577 Τ;
1367 543 1451 581 qua
1482 531 1523 570 in
1555 533 1758 572 varietate
1786 533 1989 574 librorum

189 589 412 629 lectionem
446 587 637 627 revocari
662 587 922 627 tutissimum
955 593 1070 639 erat,
1104 588 1422 640 circumscripto
1451 596 1590 628 tamen
1623 601 1720 628 cum
1749 589 1880 631 Bekk.
1906 585 1988 644 ἔτι,

188 660 274 698 quo
310 644 480 686 facilius
513 656 720 684 caremus
751 667 808 674 —
846 645 893 684 Ρ.
930 641 1014 686 129
1044 644 1083 684 A
1107 642 1348 711 δημοσίου
1379 657 1454 698 pro
1487 642 1737 698 δαιμονίου
1769 648 1990 701 praeclara

188 704 345 744 Baiteri
375 702 614 742 emendatio
648 709 738 751 est,
770 713 895 768 quani
922 702 1072 741 merito
1105 702 1166 741 in
1181 703 1348 743 tertiam
1380 703 1520 747 Turic.
1550 704 1775 745 editionem
1812 708 1987 760 recepit,

188 773 430 813 quanquam
465 772 574 800 sens
567 760 607 799 ιί
639 761 765 800 etiam
799 759 917 813 prius
948 760 1170 800 scribendo
1201 757 1374 812 δημίου
1406 761 1577 814 egregie
1606 761 1841 803 consultum
1876 771 1987 812 erat3

189 821 331 872 ipsum
362 820 473 858 enim
506 808 734 869 δημόσιον
761 823 903 856 utrum
935 829 1029 856 cum
1060 816 1227 858 Baitero
1260 818 1313 858 ad
1345 830 1557 858 carcerem
1590 830 1643 858 an
1668 820 1721 859 ad
1753 821 1988 861 carnificem

188 876 391 922 referam
433 876 557 915 etiam
587 888 698 915 nunc
738 875 925 927 ambigo.
965 897 1019 904 —-
1050 874 1094 913 P.
1132 873 1214 916 129
1246 874 1281 914 D
1313 868 1459 930 τούτῳ
1489 868 1531 927 γ’
1560 866 1668 931 ἔλᾷν
1696 876 1731 916 Η
1764 890 1814 918 ex
1850 877 1987 919 Oxon.

188 934 408 988 iestigiis‚
451 934 521 984 qui
555 930 696 1002 γελᾷν
729 945 806 986 pro
840 931 957 985 vulg.
989 923 1097 986 ἒλᾷν
1129 932 1269 980 offert3
1312 933 1583 985 indidemque
1614 947 1714 975 mox
1747 935 1988 988 στρατείας

175 1005 266 1046 Ῥω
301 1001 558 1043 πραγματε
555 989 633 1038 ’,ας
668 992 782 1042 quod
813 1002 958 1029 rursus
991 991 1218 1030 correctori
1249 964 1436 1039 debetur,
1473 992 1544 1058 qui
1574 992 1802 1033 orationem
1824 995 1988 1034 variare

189 1057 374 1102 cupelet.
404 1070 461 1077 ——
492 1049 540 1091 P.
563 1047 691 1090 130ss
718 1060 814 1099 παρ
817 1039 945 1099 ’ἐμοὶ
977 1047 1011 1086 Η
1047 1060 1098 1087 ex
1128 1049 1237 1115 conj:
1256 1060 1353 1145 8{Li-o
1365 1050 1476 1098 παρ’
1499 1042 1620 1101 ἐμοῦ,
1646 1051 1761 1100 quod
1788 1051 1884 1092 inde
1907 1052 1988 1092 ori-

189 1109 334 1160 ginem
366 1107 499 1156 duxit,
531 1107 645 1158 quod
679 1107 720 1146 in
749 1105 1095 1147 antecedentibus
1119 1107 1229 1157 παρ’
1282 1104 1446 1146 Δείνων
1471 1107 1689 1160 jungenda
1711 1108 1986 1157 videbantur3

188 1165 340 1205 eodem
374 1171 510 1205 tamen
542 1171 690 1218 pacto,
732 1178 813 1216 quo
851 1162 940 1203 illic
969 1156 1098 1214 παρὰ
1129 1165 1182 1204 ad
1212 1160 1304 1203 τινι
1337 1165 1478 1218 potius
1507 1165 1707 1214 refertur,
1745 1179 1854 1207 nunc
1884 1179 1987 1219 quo·

186 1235 274 1275 que
306 1222 490 1262 dativum
521 1223 708 1275 requirit.

307 1336 394 1380 Scr.
431 1336 654 1392 Gottingae
687 1337 713 1378 d
759 1337 814 1377 X.
847 1337 962 1378 Junii
994 1334 1240 1378 MDCCCLJ.

1417 1451 1466 1493 0.
1498 1451 1574 1494 Pr.
1606 1452 1865 1495 Hermann.
