2028 3198
111 675 200 720 268

163 2249 196 2292 C

228 112 334 164 ΞΜ,
830 81 1314 161 ΠΛΑΤΩΝΟΣ
1506 118 1511 120 ·
1830 123 1917 168 1m

1903 251 1915 274 ἱ

371 253 520 301 ΦΑΙ.
586 245 660 301 Τὸ
692 249 752 300 ἐν
783 250 1063 319 κεφαλαίῳ
1084 246 1282 301 ἕκαστα
1303 250 1478 318 λέγεις
1496 245 1812 321 ὑπομνῆσαι
1830 253 1917 307 ἐπι

228 335 486 398 τελευτῆς
504 329 635 392 τοὺς
654 325 967 392 ἀκούοντας
985 331 1110 398 περὶ
1130 351 1244 385 των
1261 333 1593 402 εἰρημένων;

368 417 493 467 ΣΩ.
557 416 744 466 Ταῦτα
773 411 942 480 λέγω,
981 413 1071 466 καὶ
1090 420 1205 468 εἴτι
1224 413 1294 468 σὺ
1318 411 1452 470 ἄλλο
1473 420 1608 486 ἔχεις
1628 419 1800 472 εἰπεῖν
1820 416 1920 473 λό-

226 517 343 566 γων
360 497 551 566 τέχνης
570 497 708 565 πέρι.

371 584 522 635 ΦΑΙ.
574 577 797 649 Σμικροὲ
815 598 878 648 γε
899 579 990 633 καὶ
1010 574 1114 633 οὐκ
1134 576 1256 643 ἄξια
1276 582 1470 649 λέγειν.

367 667 493 718 ΣΩ.
546 660 750 732 Ἐὢμεν
779 660 846 732 δὴ
878 662 947 716 ‘coc'
976 682 1040 732 γε
1072 676 1300 731 σμικρα’
1339 667 1511 717 ταῦτα
1531 660 1637 719 δὲ’
1609 661 1708 718 υπ’
1740 662 1914 735 αὐγὰς

227 752 441 817 μᾶλλον
460 749 683 816 ἴδωμεν,
703 750 826 800 τίνα
846 749 944 800 καί
959 739 1074 799 ποτ’
1096 747 1203 814 ἔχει
1218 744 1320 815 τὴν
1335 750 1431 814 τῆς
1447 747 1638 817 τέχνης
1657 746 1912 818 δύναμιν.

371 835 521 884 ΦΑΙ.
577 830 688 884 Καὶ
716 827 865 898 μάλα
894 830 1237 899 ἐρρωμένην,
1267 850 1309 882 ω
1332 827 1702 899 Σώκρατες,’
1681 835 1742 885 ἐν
1761 851 1823 900 γε
1845 830 1910 902 δὴ

226 909 479 982 πλήθους
497 910 773 975 συνόδοις.

370 999 493 1050 ΣΩ.
532 992 682 1064 ’Έχει
701 992 808 1063 γάρ
826 1014 836 1024 ·
859 990 1005 1063 ἀλλ’,
1038 1014 1080 1047 ω
1065 985 1376 1062 3’δαιμόνιε,
1410 993 1490 1048 ἰδὲ
1509 995 1600 1050 καὶ
1619 994 1718 1064 σύ,
1739 999 1791 1050 εἰ
1806 994 1911 1064 ἄρα

226 1081 315 1133 καὶ
345 1079 432 1134 σοὶ
461 1083 714 1148 φαίνεται
745 1074 1028 1147 διεστηκὸς
1057 1073 1246 1137 αὐτῶν
1275 1073 1335 1129 τὸ
1356 1075 1549 1146 ἠτρίον
1571 1075 1755 1147 ὥσπερ
1777 1081 1909 1149 ἐμοί.

369 1166 520 1215 ΦΑΙ.
574 1163 814 1214 Λείκνυε
833 1159 1026 1230 μόνον.

367 1250 470 1299 LII.
545 1248 670 1299 ΣΩ.
730 1242 868 1298 Εἰπὲ
894 1242 962 1314 δή
990 1260 1109 1312 μοι·
1146 1249 1198 1296 εἰ
1222 1264 1300 1306 τις
1318 1239 1654 1311 προσελθων
1671 1247 1747 1314 τῷ
1769 1245 1905 1298 ἑταί-

227 1350 306 1401 ρςο
328 1345 432 1383 σου
449 1325 781 1398 Ἐρυξιμάχῳ
800 1322 835 1397 ἢ
853 1332 930 1399 τῷ
950 1326 1114 1394 πατρὶ
1132 1322 1307 1380 αὐτοῦ
1331 1323 1645 1399 ’Λκουμενῷ
1664 1332 1807 1381 εἴποι
1829 1323 1912 1380 ὅτι

227 1409 332 1480 ἐγω
370 1414 660 1480 ἐπίσταμαι
694 1406 904 1464 τοιαῦτ’
947 1407 1081 1463 ἄττα
1120 1407 1333 1478 σώμασι
1368 1410 1733 1479 προσφέρειν,
1773 1406 1911 1462 ω’στε

225 1498 549 1565 θερμαίνειν
568 1491 616 1548 τ’
642 1491 740 1548 ἐὰν
757 1491 1046 1564 βούλωμαι
1065 1492 1154 1545 καὶ
1177 1490 1400 1560 ψύχειν,
1430 1490 1522 1545 καὶ
1541 1488 1638 1546 ἐαν
1657 1513 1759 1562 μεν
1780 1490 1911 1563 δόξῃ

226 1599 347 1647 μοι,
370 1579 521 1647 ἐμεῖν
549 1585 753 1644 ποιεῖν,
794 1571 893 1629 ἐὰν
913 1571 962 1628 δ’
998 1575 1098 1643 αὐ,
1139 1572 1285 1628 κάτω
1308 1576 1622 1643 διαχωρεῖν,
1661 1576 1752 1629 καὶ
1770 1571 1911 1629 ἄλλα

227 1659 522 1730 παμπολλα
550 1664 801 1713 τοιαῦτα
842 1658 934 1711 καὶ
965 1658 1320 1727 ἐπιστάμενος
1349 1654 1488 1711 αὐτὰ
1517 1653 1650 1721 ἀξιω
1671 1651 1914 1727 ἰατρικὸς

227 1741 368 1798 εἶναι
387 1745 478 1797 καὶ
495 1740 669 1797 ἄλλον
688 1751 893 1809 ποιεῖν,
933 1733 979 1814 ᾦ
1007 1735 1079 1795 ἄν
1106 1738 1208 1810 τὴν
1237 1739 1452 1795 τούτων
1479 1737 1783 1810 ἐπιστήμην
1805 1759 1914 1793 πα-

227 1827 376 1894 ραδῶ
395 1845 406 1855 ·
428 1830 484 1878 τί
499 1821 570 1877 ἂν
591 1831 693 1878 οἱέι
711 1820 1058 1886 ἀκούσαντας
1079 1827 1279 1889 εἰπεῖν;

369 1911 518 1961 ΦΑΙ.
578 1909 648 1958 Τι’
682 1925 744 1973 γε
774 1903 907 1959 ἄλλο
938 1900 974 1974 ἢ
1001 1906 1250 1974 ἐρέσθαι,
1291 1908 1341 1958 εἰ
1366 1909 1792 1972 προσεπίσταται
1821 1906 1910 1960 καὶ

225 1988 485 2052 οὕστινας
506 1991 590 2043 δεῖ
606 1987 697 2042 καὶ
716 1983 883 2042 ὁπότε
913 1988 1113 2041 ἕκαστα
1144 1985 1359 2040 τούτων
1390 1997 1593 2054 ποιεῖν,
1633 1987 1724 2040 καὶ
1753 1987 1909 2055 μέχρι

226 2071 469 2140 ὁπόσους

365 2159 492 2211 ΣΩ.
564 2159 637 2210 Εἰ
671 2146 777 2209 οὖν
814 2160 958 2208 εἴποι
1004 2150 1090 2207 ὅτι
1137 2150 1396 2222 οὐδαμῶς
1412 2173 1422 2183 ·
1473 2149 1597 2206 ἀλλ’
1640 2149 1771 2217 ἀξιῶ
1810 2150 1907 2206 τὸν

223 2245 397 2295 ταῦτα
426 2234 559 2306 παρ’
592 2238 728 2307 ἐμοῦ
758 2234 1014 2306 μαθόντα
1045 2232 1216 2291 αὐτὸν
1248 2232 1371 2291 οἶόν
1398 2233 1450 2290 τ’
1483 2234 1623 2291 εἶναι
1659 2245 1836 2291 ποιεῖν
1874 2232 1908 2289 α’

224 2325 458 2395 ἕρωτᾷς;

366 2410 516 2460 ΦΑΙ.
569 2409 799 2459 Εἵποιεν
819 2400 906 2464 ἄν,
928 2400 1092 2472 οἶμαι,
1113 2399 1195 2457 ὅτι
1213 2406 1463 2472 μαίνεται
1478 2399 1797 2472 ἄνθρωπος,
1819 2403 1908 2456 καὶ

225 2491 285 2545 ἐκ
300 2492 519 2560 βιβλίου
534 2487 713 2542 ποθεν
730 2484 974 2550 ακούσας
989 2481 1024 2555 ἢ
1045 2482 1352 2555 περιτυχών
1373 2491 1704 2556 φαρμακίοις
1723 2482 1906 2553 ἰατρὸς

225 2579 396 2628 οἴεται
419 2570 735 2641 γεγονέναι,
756 2566 923 2624 οὐδεν
941 2570 1151 2624 ἐπαΐων
1171 2573 1266 2638 τῆς
1282 2569 1485 2639 τέχνης.

366 2659 489 2711 ΣΩ.
545 2659 616 2709 Τί
630 2650 684 2708 δ’
707 2657 757 2707 εἰ
773 2658 1060 2723 Σοφοκλεῖ
1076 2644 1149 2706 αὗ
1170 2648 1507 2719 προσελθων
1524 2652 1613 2706 καὶ
1630 2647 1904 2721 Εὐριπίδῃ

225 2761 305 2802 τις
333 2740 508 2807 λέγοι,
549 2759 620 2801 ως
647 2739 926 2793 ἐπίσταται
957 2736 1080 2803 περὶ
1110 2739 1349 2804 σμικροῦ
1379 2733 1694 2803 πράγματος
1723 2730 1904 2802 ῥήσεις

224 2820 532 2891 παμμήκεις
562 2830 740 2874 ποιεῖν
762 2819 854 2873 καὶ
886 2819 1008 2887 περὶ
1029 2818 1274 2888 μεγάλου
1294 2814 1442 2870 πάνυ
1470 2812 1728 2884 σμικράς,
1768 2811 1903 2868 ὅταν

1877 0 2028 255 Ῑ

2012 258 2028 428 ’Ξ

2012 457 2028 581 25

2020 575 2028 614 ἰ

2007 706 2028 750 εξ
