2028 3198
293 170 358 218 7⁹2
887 169 1062 216 HAA
1082 166 1365 217 ΤΩΝΟΣ

230 319 262 357 Ε
291 299 430 371 πρὸς
451 300 661 372 ἄλληλα
679 299 942 356 τάναντία
963 300 1243 370 διαφόρως
1262 305 1472 373 ἔχοντα,
1501 301 1783 399 σύμμετρα
1802 302 1863 360 οε
1881 306 1968 360 καὶ

288 380 566 451 σύμφωνα
586 384 811 438 ἐνθεῖσα
830 380 1076 452 ἀριθμὸν
1093 379 1467 451 ἀπεργάζεται.

424 469 595 519 ΠΡΩ.
654 463 981 520 Μανθάνω·
1034 470 1219 535 φαίνει
1255 464 1361 535 γάρ
1398 486 1491 535 μοι
1526 467 1732 538 λέγειν,
1770 486 1965 538 μιγννς

284 552 482 614 ταῦτα,
503 553 741 616 γενέσεις
759 544 913 610 τινας
933 543 1022 616 ἐφ’
1045 545 1292 601 ἑκάστων
1313 551 1653 616 συμβαίνειν.

421 634 546 683 ΣΩ.
599 627 809 697 Ὀρθῶς
827 627 936 699 γὰρ
958 634 1239 698 φαίνομαι.

421 716 590 767 ΠΡΩ.
648 714 787 779 Λέγε
805 717 1013 766 τοίνυν.

422 797 548 847 Σῼ.
598 786 717 862 Ἆρ’
756 791 858 846 οὐκ
889 795 947 846 ἐν
977 791 1078 862 μὲν
1106 792 1292 855 νόσοις
1309 789 1343 861 ἡ
1363 791 1577 847 τούτων
1595 790 1740 863 ὀρθὴ
1761 814 1961 848 κοινω-

278 879 369 928 νία
386 872 490 944 τὴν
508 872 717 944 ὑγιείας
737 875 911 944 φύσιν
931 877 1251 944 έγέννησεν;

190 983 247 1027 26
415 974 586 1024 ΠΡῼ.
641 970 972 1024 Παντάπασι
991 969 1092 1039 μὲν
1111 961 1230 1023 οὖν.

414 1068 540 1117 ΣΩ.
594 1061 681 1118 Ἐν
699 1063 758 1118 δὲ
777 1062 892 1129 ὀξεῖ
903 1066 994 1119 καὶ
1011 1070 1176 1136 βαρεῖ
1187 1065 1278 1118 καὶ
1295 1074 1447 1134 ταχεῖ
1459 1065 1549 1119 καὶ
1568 1068 1775 1135 βραδεῖ,
1799 1063 1953 1120 daec--

276 1163 391 1210 ροις
421 1137 609 1214 οὖσιν,
650 1139 742 1215 ἆρ’
777 1145 845 1201 οὐ
871 1145 1044 1202 ταύτὰ
1075 1145 1441 1216 έγγιγνόμενα
1464 1152 1636 1201 ταῦτα
1657 1145 1768 1217 ἅμα
1788 1151 1954 1218 πέρας

273 1248 329 1280 τε
359 1224 729 1298 ἀπειργάσατο
761 1233 851 1285 καὶ
872 1230 1143 1299 μουσικὴν
1163 1228 1455 1298 ξύμπασαν
1472 1229 1772 1284 τελεώτατα
1792 1233 1953 1294 ξυνε»

272 1307 532 1379 στήσατο;

407 1396 577 1446 ΠΡΩ.
633 1393 916 1448 Κάλλιστά
939 1415 1013 1463 γε.

408 1479 535 1528 ΣΩ.
586 1477 696 1530 Καὶ
733 1474 845 1546 μὴν
884 1480 946 1531 ἒν
979 1497 1042 1546 γε
1067 1480 1292 1546 χειμῶσι
1321 1475 1412 1530 καὶ
1441 1479 1691 1544 πνίγεσιν
1721 1476 1938 1545 ἐγγενό-

265 1576 405 1623 μενα
438 1556 499 1610 τὸ
530 1556 632 1626 μὲν
663 1556 806 1612 πολὺ
838 1562 964 1613 λίαν
993 1559 1085 1613 καὶ
1117 1556 1348 1627 ἄπειρον
1368 1556 1649 1628 ἀφείλετο,
1685 1556 1746 1612 τὸ
1769 1557 1827 1613 δὲ
1847 1562 1944 1628 ἔμη

266 1657 469 1705 μετρον
490 1638 581 1692 καὶ
601 1637 713 1707 ἅμα
734 1639 1049 1711 σύμμετρον
1071 1639 1452 1711 ἀπειργάσατο.

403 1736 571 1786 ΠΡΩ.
633 1738 702 1787 Τι’
722 1733 860 1803 mm

206 1837 250 1875 ssv
407 1830 531 1879 ΣΩ.
577 1824 806 1882 Οὐκοῦν
825 1831 884 1883 ἐκ
903 1830 1119 1885 τούτων
1140 1823 1282 1899 ὧραί
1295 1851 1351 1884 τε
1371 1831 1462 1885 καὶ
1481 1828 1584 1884 ὅσα
1604 1829 1743 1884 καλοὶ
1764 1828 1942 1884 πάντα

257 1903 388 1977 ἡμῖν
424 1909 646 1979 γέγονε,
693 1914 807 1963 τῶν
843 1931 900 1965 τε
937 1908 1179 1980 ἀπείρων
1217 1912 1307 1966 καὶ
1346 1918 1458 1967 τῶν
1497 1914 1664 1981 πέρας
1702 1910 1941 1980 ἐχόντων

264 1991 689 2059 συμμιχθέντων
704 2016 715 2055 ;
731 2035 734 2037 Α

397 2089 567 2139 ΠΡῼ.
623 2090 754 2150 Πῶς
774 2084 825 2140 δ’
850 2084 944 2153 οὔ;

400 2181 520 2231 ΣΩ.
577 2179 688 2233 Καὶ
706 2176 846 2234 ἄλλα
867 2179 934 2250 δὴ
955 2186 1124 2250 μυρία
1145 2183 1402 2237 ἐπιλείπω
1421 2184 1624 2252 λέγων,
1662 2175 1782 2235 οἷον
1801 2177 1934 2249 μεθ’

255 2256 464 2329 ὑγιείας
500 2259 702 2324 κάλλος
739 2263 831 2316 καὶ
868 2261 1053 2333 ἰσχύν,
1094 2264 1185 2319 καὶ
1222 2267 1282 2319 ἐν
1314 2275 1510 2334 ψυχαῖς
1541 2255 1615 2317 αὖ
1642 2261 1935 2331 πάμπολλα

252 2341 410 2409 ἕτερα
429 2343 521 2395 καὶ
538 2340 806 2411 πάγκαλα.
848 2342 1016 2415 ὕβριν
1033 2345 1141 2414 γάρ
1161 2366 1271 2401 που
1289 2348 1378 2402 καὶ
1398 2346 1690 2415 ξύμπασαν
1710 2342 1933 2397 πάντων

252 2427 526 2492 πονηρίαν
546 2421 685 2493 αὕτη
705 2429 1004 2480 κατιδοῦσα
1021 2424 1054 2497 ἡ
1073 2427 1235 2498 θεός,
1280 2421 1324 2482 ῶ
1344 2425 1475 2482 καλὲ
1494 2431 1698 2498 Φίληβε
1711 2467 1726 2496 ,
1764 2426 1933 2494 πέρας

252 2499 380 2558 οὔτε
403 2501 627 2574 ἡδονῶν
646 2503 814 2561 οὐδὲν
833 2506 962 2562 οὔτε
981 2515 1318 2581 πλησμονῶν
1337 2508 1466 2566 ένόν
1491 2511 1551 2565 έν
1582 2506 1792 2577 αὐτοῖς,
1831 2507 1930 2562 νό-

249 2605 355 2654 μον
383 2586 474 2640 καὶ
504 2585 658 2650 τάξιν
676 2587 845 2655 πέρας
862 2589 1101 2659 ἐχόντων
1120 2596 1278 2648 ἔθετο
1295 2612 1306 2622 ·
1344 2590 1522 2649 καὶσὺ
1541 2590 1643 2661 μὲν
1661 2588 1928 2644 ἀποκναῖ-

190 2686 222 2727 c
249 2683 340 2722 σαι
369 2666 480 2749 ᾳΞὴς
507 2666 710 2739 αὐτήν,
749 2669 855 2740 ε’γῶ
887 2672 946 2727 δὲ
975 2673 1303 2731 τούναντίον
1323 2673 1608 2730 ἀποσῶσαι
1627 2672 1782 2739 λέγω.
1841 2672 1924 2724 σοὶ

249 2751 334 2820 δέ,
365 2749 749 2821 ῶΠρῶταρχε,
775 2759 890 2816 πῶς
910 2761 1189 2823 φαίνεται;

384 2837 555 2888 ΠΡῼ.
609 2835 719 2888 Καὶ
738 2834 910 2905 μάλαἳ
932 2829 976 2890 ὦ
995 2837 1316 2907 Σώκρατες,
1336 2840 1518 2906 ἔμοιγε
1537 2832 1673 2889 κατὰ
1693 2838 1848 2889 νοῦν.
