2028 3198
56 0 490 70 „Wfae'ss‘Q-'vsstiy
508 0 591 46 ‘'„z‘c‘
622 0 646 21 ³·
668 3 746 52 ²³3·
845 0 946 44 me*
970 0 984 6 a

0 105 8 161 Ξ
46 117 130 185 ’99
323 183 328 187 ψ
719 127 1102 177 ΦΛΙΔΡΟΣ.
1648 126 1752 180 237

72 269 224 334 δρῶν
252 267 343 321 καὶ
373 262 639 335 πλησιάζῃ
666 259 802 332 μετὰ
840 267 942 315 τοῦ
976 259 1251 318 ἅπτεσθαι
1287 265 1350 317 ἔν
1382 282 1441 318 τε
1470 267 1751 334 γυμνασί-

71 370 154 412 οις
179 348 272 404 καὶ
296 349 361 403 ἐν
388 357 503 412 ταῖς
532 344 723 408 ἄλλαις
743 340 1003 414 ὁμιλίαις,
1040 341 1158 399 τότ’
1181 343 1288 415 ἤδη
1309 341 1343 414 ἡ
1363 350 1464 399 τοῦ
1482 344 1752 416 ῥεύματος
1780 350 1812 396 G

70 433 289 488 ἐκείνου
316 428 493 500 πηγή,
531 426 601 483 ὃν
628 430 822 498 ἵμερον
850 422 992 490 Ζεύς
1019 426 1390 497 Γανυμήδους
1417 428 1564 496 ἐρῶν
1602 423 1750 482 οἰνό-

68 530 238 584 μασε,
274 508 448 581 πολλὴ
481 512 758 580 φερομένη
793 507 933 578 πρὸς
952 505 1053 565 τὸν
1070 510 1334 581 ἐραστήν,
1372 506 1407 580 ἡ
1428 507 1531 579 μὲν
1549 514 1627 575 εἰς
1645 507 1752 565 αὐ-

68 592 171 650 τὸν
202 597 330 661 ἔδυ,
367 590 402 664 ἡ
439 591 492 648 δ’
530 589 1021 663 ἀπομεστουμένου
1057 595 1159 657 ἔξω
1196 588 1451 660 ἀπορρεῖ·
1501 592 1594 647 καὶ
1630 586 1750 647 οἷον

69 683 287 747 πνεῦμα
307 675 344 748 ἤ
359 698 440 741 τις
458 673 572 746 ἠχώ
593 673 700 730 ἀπὸ
721 679 887 730 λείων
902 695 961 728 τε
979 675 1071 729 καὶ
1092 681 1333 743 στερεῶν
1350 670 1624 745 ἁλλομένη
1641 673 1753 728 noi*

71 765 160 814 λιν
189 757 328 814 ὅθεν
358 757 593 828 ὡρμήθη
625 759 875 826 φέρεται,
914 755 1061 812 οὕτω
1089 756 1151 812 τὸ
1182 762 1283 812 τοῦ
1314 756 1553 821 κάλλους
1572 758 1751 828 ῥεῦμα

71 839 240 895 πάλιν
257 845 335 905 εἰς
354 837 454 895 τὸν
474 838 649 894 καλὸν
668 837 758 894 διὰ
778 845 893 894 τῶν
913 836 1178 910 ὀμμάτων
1194 839 1248 894 ίό
1251 861 1311 909 ν,
1339 830 1377 910 ᾗ
1395 841 1645 908 πέφυκεν
1664 838 1753 893 ἐπὶ

73 921 176 993 τὴν
203 919 391 992 ψυχὴν
419 922 559 977 ἰέναι
575 918 950 991 ἀφικόμενον,
989 924 1079 978 καὶ
1098 919 1502 989 ἀναπτερῶσαν
1517 919 1614 984 τὰς
1632 919 1754 975 διό-

72 1009 205 1069 δους
231 1009 343 1059 τῶν
371 1008 619 1072 πτερῶν,
659 1001 816 1073 ἄρδει
845 1025 903 1058 τε
932 1005 1023 1061 καὶ
1054 1003 1276 1075 ὥρμησε
1312 1013 1653 1074 πτεροφυεῐν
1690 1024 1749 1058 τε
1778 1010 1814 1052 D

70 1088 162 1143 καὶ
188 1084 292 1156 τὴν
317 1092 420 1140 τοῦ
448 1087 729 1156 ἐρωμένου
758 1079 833 1140 αὖ
863 1085 1046 1157 ψυχὴν
1064 1091 1266 1156 ἔρωτος
1284 1087 1599 1157 ἐνέπλησεν.
1653 1087 1754 1158 ἐρᾷ

71 1171 173 1240 μὲν
201 1162 334 1237 οὖν,
372 1166 509 1224 ὅτου
530 1170 618 1239 δέ,
657 1166 878 1239 ἀπορεῖ·
916 1172 1007 1224 καὶ
1027 1167 1152 1225 οὐδ’
1174 1167 1207 1224 ὅ
1225 1190 1277 1223 τι
1296 1170 1581 1224 πέπονθεν
1601 1166 1754 1224 οἶδεν

73 1248 195 1306 οὐδ’
219 1254 326 1321 ἔχει
343 1250 579 1320 φράσαι,
608 1247 732 1306 ἀλλ’
754 1246 876 1306 οἷον
893 1249 989 1306 ἀπ’
1013 1250 1190 1308 ἄλλου
1207 1249 1527 1322 ὀφθαλμίας
1547 1248 1752 1306 ἀπολε-

73 1332 292 1398 λαυκώς
309 1333 592 1403 πρόφασιν
610 1338 785 1388 εἰπεῖν
802 1331 904 1389 οὐκ
924 1338 1056 1405 ἔχει,
1098 1333 1283 1403 ὥσπερ
1304 1335 1363 1390 δὲ
1380 1336 1443 1389 ἐν
1461 1332 1750 1407 κατόπτρω

72 1420 134 1473 ἐν
167 1424 246 1489 τῷ
277 1418 519 1486 ἐρῶντι’
493 1415 693 1472 εαυτὸν
690 1415 864 1517 ὁρῶν
886 1420 1103 1487 λέληθε.
1162 1415 1307 1472 καὶ”
1273 1437 1408 1471 οταν
1426 1418 1528 1487 μὲν
1546 1418 1753 1481 ἐκεῖνος

71 1519 250 1571 παρη,
270 1499 422 1570 λη’γει
441 1498 580 1554 κατὰ
600 1497 775 1555 ταύτὰ
796 1502 988 1572 ἐκείνῳ
1005 1505 1100 1569 τῆς
1119 1496 1347 1569 ὀδύνης·
1387 1497 1523 1553 ὅταν
1543 1500 1603 1553 δὲ
1620 1495 1752 1570 ἀπῇ,

70 1580 208 1638 κατὰ
235 1580 407 1637 ταύτὰ
428 1575 503 1636 αὖ
522 1590 693 1638 ποθεῖ
708 1584 800 1638 καὶ
820 1591 1102 1651 ποθεῖται,
1122 1584 1354 1638 εἴδωλον
1370 1584 1571 1652 ἔρωτος
1589 1578 1755 1636 ἀντέ-

70 1685 219 1732 ρωτα
235 1669 400 1734 ἔχων·
431 1672 591 1720 καλεῖ
607 1666 665 1722 δὲ
685 1663 859 1722 αὐτὸν
878 1667 967 1722 καὶ
983 1674 1154 1721 οἴεται
1172 1662 1278 1719 οὐκ
1296 1668 1471 1735 ἔρωτα
1491 1661 1630 1719 ἀλλὰ
1656 1684 1755 1734 ‹po-
1780 1674 1814 1715 E

72 1754 198 1802 λίαν
214 1745 367 1802 εἶναι.
408 1750 673 1819 ἐπιθυμεῖ
683 1749 742 1805 δὲ
758 1751 947 1822 ἐκείνω
966 1752 1358 1819 παραπλησίως
1373 1749 1493 1818 μέν,
1511 1744 1751 1802 ἀσθενε-

72 1830 275 1899 στέρως
296 1832 373 1901 δέ,
395 1828 553 1904 ὁρᾷν,
576 1829 868 1899 ἅπτεσθαι,
891 1838 1105 1901 φιλεῖν,
1127 1837 1623 1900 συγκατακεῖσθαι·
1659 1828 1753 1884 καὶ

73 1911 141 1982 δή
154 1953 170 1981 ,
209 1932 329 1967 οιον
361 1913 535 1983 εἰκός,
576 1926 726 1970 ποιεῖ
738 1912 799 1970 τὸ
820 1913 955 1985 μετὰ
975 1918 1141 1968 τοῦτο
1161 1911 1297 1983 ταχὺ
1315 1919 1505 1968 ταῦτα.
1564 1915 1626 1968 ἐν
1645 1934 1751 1968 ουν

70 1999 140 2065 τῇ
168 1995 528 2066 συγκοιμήσει
555 2002 659 2051 τοῦ
685 1996 787 2067 μὲν
816 1999 1055 2065 ἐραστοῦ
1083 1993 1112 2050 6
1135 1993 1440 2060 ἀκόλαστος
1458 1997 1625 2059 ἵππος
1643 1998 1751 2065 ἔχει

68 2074 101 2130 6'
119 2099 170 2131 τι
188 2079 333 2147 λέγει
351 2077 489 2148 πρὸς
509 2075 610 2134 τὸν
627 2075 881 2149 ἡνίοχον,
903 2080 993 2134 καὶ
1014 2076 1157 2143 ἀξιοῖ
1174 2075 1295 2133 ἀντὶ
1316 2083 1539 2132 πολλων
1559 2075 1753 2132 πόνων

17 2178 26 2183 ·
70 2158 272 2229 σμικρὰ
300 2158 639 2217 ἀπολαῦσαι·
674 2161 703 2217 ὁ
736 2162 795 2218 δὲ
814 2168 928 2217 τῶν
946 2166 1217 2217 παιδικῶν
1237 2166 1344 2231 ἔχει
1363 2160 1465 2231 μὲν
1485 2157 1653 2215 οὐδὲν
1674 2163 1755 2216 εἰ·-
1781 2169 1867 2215 256
1951 2195 1953 2197 -

68 2251 221 2306 πεῖν,
261 2249 530 2311 σπαργῶν
558 2243 616 2299 δὲ
646 2245 734 2298 καὶ
768 2243 1000 2311 ἀπορῶν
1029 2242 1344 2313 περιβάλλει
1373 2240 1474 2297 τὸν
1512 2241 1751 2313 ἐραστὴν

70 2324 160 2378 καὶ
181 2329 352 2393 φιλεῖ,
386 2321 461 2387 ὥς
480 2323 685 2395 σφόδρ’
708 2324 917 2381 εὔνουν
936 2322 1337 2395 ἀσπαζόμενος·
1379 2323 1514 2382 ὅταν
1533 2347 1591 2382 τε
1611 2344 1718 2396 συγ

67 2406 471 2475 κατακέ,ωνται
511 2402 626 2471 οἶός
657 2410 768 2462 ἐστι
797 2407 871 2479 μὴ
893 2405 1290 2478 ἀπαρνηθῆναι
1307 2406 1369 2463 τὸ
1390 2405 1567 2465 αὑτοῦ
1585 2410 1752 2480 μέρος

69 2493 404 2559 χαρίσασθαι
433 2509 508 2543 τω
540 2490 766 2561 ἐρωντι,
806 2496 858 2546 εί
874 2494 1098 2562 δεηθείη
1136 2502 1346 2562 τυχεῖν·
1384 2489 1415 2548 6
1453 2492 1514 2549 δὲ
1551 2490 1751 2564 ὁμόζυξ

43 2598 54 2645 17
68 2588 143 2625 αν
171 2569 303 2640 μετὰ
334 2576 436 2624 τοῦ
463 2567 695 2641 ἡνιόχου
726 2569 864 2640 πρὸς
893 2580 1065 2629 ταῦτα
1094 2571 1214 2644 μετ’
1244 2577 1438 2640 αἰδοῦς
1466 2575 1557 2631 καὶ
1577 2575 1750 2645 λόγου

46 2647 370 2723 1,ἀντιτείνει

207 2740 459 2791 xxxvn.
531 2734 657 2790 Ἐὰν
674 2738 777 2806 μὲν
798 2736 865 2807 δὴ
887 2731 994 2794 οὖν
1011 2743 1086 2804 είς
1107 2744 1444 2810 τεταγμένην
1462 2761 1519 2795 τε
1541 2742 1756 2796 δίαιταν

77 2818 163 2875 καὶ
182 2824 519 2888 φιλοσοφίαν
541 2819 740 2891 νικήσῃ
759 2819 824 2875 τὰ
844 2826 1040 2891 βελτίω
1058 2828 1153 2893 τῆς
1184 2825 1430 2888 διανοίας
1458 2820 1753 2894 ἀγαγόντα,
