2028 3198
315 159 380 211 16
820 150 823 152 ’
913 153 1387 202 ΠΛΑΤΩΝΟΣ

311 315 497 364 χωραν
516 293 706 363 ἑτέραν
723 292 776 356 ἐξ
796 291 994 358 ἑτέρας.
1025 283 1278 356 Ἀνάγκη.
1320 283 1547 342 Οὐκοῦν
1566 286 1754 362 κύκλῳ
1775 287 1876 359 μὲν
1894 310 1991 344 πε-

312 374 684 444 ριφερόμενον
705 372 791 426 ἐπὶ
811 371 983 439 μέσον
1003 370 1295 438 βεβηκέναι
1312 365 1526 439 ἀνάγκη
1541 410 1556 438 ‚
1593 371 1684 424 καὶ
1703 369 1769 424 τὰ
1791 373 1911 439 περὶ
1929 369 1990 426 τὸ

249 473 278 512 D
311 458 481 526 μέσον
511 454 791 525 φερόμενα
821 448 960 505 ἄλλα
989 450 1125 520 με’ρη
1157 452 1299 518 ἔχειν
1326 450 1554 504 ἑαυτοῦ
1594 470 1635 521 ῳ
1665 450 1724 504 δε
1745 449 1879 520 μήτε
1897 453 1993 520 με’-

313 554 417 592 σου
445 536 579 607 μήτε
599 540 784 605 μερῶν
802 530 1093 601 προσήκει,
1129 536 1210 594 τίς
1234 529 1445 601 μηχανὴ
1469 536 1634 585 τοῦτο
1655 531 1842 603 κύκλῳ
1863 531 1992 586 ποτὲ

312 619 397 673 ἐπὶ
415 624 516 672 τοῦ
535 618 706 688 μέσου
726 617 1044 684 ἐνεχθῆναι;
1067 611 1327 682 Οὐδεμία.
1361 609 1518 666 Ἀλλὰ
1540 611 1606 682 δὴ
1626 612 1814 683 χώραν
1835 610 1994 682 ἀμεῖ-

310 705 416 771 βον
446 696 633 754 ἄλλοτ’
670 695 868 751 ἄλλοθι
893 698 1136 764 γίγνεται
1163 695 1254 748 καὶ
1273 691 1420 747 οὕτω
1439 704 1698 759 κινεῖται;
1733 698 1906 761 Εἴπερ
1929 714 1992 762 γε

313 781 396 852 δή.
457 779 689 835 Οὐκοῦν
715 775 853 832 εἶναι
872 777 973 846 μέν
991 794 1102 829 που
1121 779 1182 829 ἒν
1199 797 1309 829 τινι
1328 771 1462 829 αύτό
1485 772 1767 828 ἀδύνατον
1785 774 1963 844 ἐφάνη
1979 799 1991 838 ;

310 868 438 918 Ναί.
487 857 606 931 Ἆρ’
642 853 748 915 οὖν
777 863 1068 927 γίγνεσθαι
1088 861 1165 911 ἔτι
1186 854 1633 922 ἀδυνατώτερον;
1675 854 1795 910 Ούκ
1817 857 1993 910 ἐννοῶ

311 943 435 1015 ὅπῃ.
486 947 559 998 Εἰ
574 945 634 996 ἕν
651 939 726 1013 τῳ’
747 961 798 994 τι
816 943 1084 1008 γίγνεται,
1107 935 1210 992 οὐκ
1231 936 1444 1008 ἀνάγκη
1465 938 1598 1007 μήτε
1618 955 1703 990 πω
1722 939 1781 992 ἐν
1801 932 1988 1008 ἐκείνῳ

311 1023 451 1079 εἶναι
471 1028 548 1078 ἔτι
566 1020 987 1091 ἐγγιγνόμενον,
1026 1017 1153 1088 μήτ’
1175 1023 1252 1073 ἔτι
1271 1021 1418 1083 ἔξω’
1391 1023 1604 1073 εκείνου
1621 1015 1987 1084 παντάπασιν,

311 1114 461 1175 εἴπερ
498 1101 565 1173 δὴ
595 1105 927 1172 ἐγγίγνεται;
963 1099 1214 1169 Ἀνάγκη.
1273 1098 1396 1155 Ec'
1371 1100 1480 1169 άρα
1509 1120 1559 1153 τι
1588 1097 1721 1153 άλλο
1752 1102 1992 1152 πείσεται

253 1207 287 1246 Ε
318 1191 507 1255 τοῦτο,
549 1187 722 1239 ἐκεῖνο
755 1179 825 1237 ἀν
850 1181 1026 1252 μόνον
1053 1180 1252 1249 πάσχοι
1280 1174 1350 1235 οὗ
1377 1183 1513 1250 μέρη
1534 1186 1644 1275 εἴη·
1682 1176 1742 1233 τὸ
1765 1177 1865 1248 μὲν
1883 1175 1990 1272 γὰρ

313 1265 384 1322 ἄν
413 1289 464 1321 τι
497 1262 672 1320 αὐτοῦ
699 1263 805 1335 ἤδη
836 1266 898 1318 ἐν
926 1264 1146 1334 ἐκείνῳ,
1184 1262 1244 1315 τὸ
1277 1263 1335 1316 δὲ
1354 1266 1455 1326 ἔξω
1476 1269 1557 1330 εἴη
1578 1257 1716 1330 άμα·
1752 1256 1812 1312 τὸ
1837 1259 1895 1312 δὲ
1915 1255 1988 1327 μὴ

313 1354 438 1418 ἕχον
468 1351 604 1449 με’ρη
636 1343 736 1416 οὐχ
764 1345 887 1400 οἱόν
916 1347 977 1398 τέ
1003 1363 1114 1397 που
1143 1346 1290 1397 ἔσται
1309 1341 1495 1413 τρόπῳ
1516 1338 1704 1396 οὐδενὶ
1723 1339 1858 1395 ὅλον
1876 1337 1988 1408 ἅμα

312 1429 443 1532 μήτε
480 1426 632 1492 ἐντὸς
669 1427 809 1482 εἶναι
842 1422 994 1488 τινὸς
1030 1424 1163 1523 μήτε
1202 1428 1316 1489 ἔξω.
1368 1421 1588 1493 Ἀληθῆ.
1648 1416 1736 1478 Οὗ
1766 1421 1825 1476 δὲ
1855 1420 1989 1491 μήτε

311 1515 446 1582 μέρη
482 1511 583 1566 εἰσὶ
612 1506 750 1580 μήθ’
773 1506 909 1562 ὅλον
928 1506 1187 1576 τυγχάνει
1206 1505 1299 1576 ὄν,
1343 1503 1412 1560 ού
1433 1502 1577 1559 πολὺ
1603 1507 1679 1558 ἔτι
1698 1501 1989 1558 ἀδυνατώ-

310 1613 474 1660 τερον
493 1594 851 1661 ἐγγίγνεσθαί
864 1608 1000 1657 που,
1038 1588 1170 1659 μήτε
1190 1585 1326 1643 κατὰ
1352 1590 1488 1658 με’ρη
1522 1586 1656 1658 μήτε
1685 1584 1824 1641 κατὰ
1855 1582 1989 1639 ὅλον

206 1689 284 1733 139
312 1673 735 1743 ἐγγιγνόμενον;
779 1676 1053 1726 Φαίνεται.
1107 1667 1241 1725 Οὕτ’
1266 1668 1374 1739 ἄρα
1392 1689 1485 1723 ποι
1510 1666 1599 1724 ἰὸν
1618 1670 1707 1723 καὶ
1728 1671 1788 1723 ἔν
1807 1687 1882 1738 τῳ
1902 1687 1988 1734 γι-

312 1753 417 1823 γνό
420 1774 591 1823 μενον
607 1750 795 1821 χώραν
814 1748 1062 1805 ἀλλάττει
1080 1792 1094 1819 ,
1132 1748 1255 1804 οὔτ’
1275 1753 1336 1805 ἐν
1356 1755 1430 1822 τῷ
1452 1746 1601 1822 αύτῷ
1620 1747 1987 1819 περιφερόμε-

315 1856 445 1904 νον,
486 1833 614 1887 οὔτε
634 1829 1048 1901 ἀλλοιούμενον.
1108 1829 1229 1886 Οὐκ
1249 1835 1439 1885 ἔοικεν.
1495 1830 1652 1885 Κατά
1673 1837 1859 1885 πᾶσαν
1878 1829 1986 1897 ἄρα

312 1921 533 1986 κίνησιν
563 1911 624 1968 τὸ
655 1915 719 1967 ἓν
746 1911 1021 1983 ἀκίνητον.
1075 1910 1369 1983 Ἀκίνητον.
1420 1909 1578 1967 Ἀλλά
1609 1911 1721 1982 μὴν
1741 1914 1830 1966 καὶ
1849 1910 1987 1965 εἶναι’

313 2000 379 2068 γε’
407 2017 592 2067 φαμεν
620 1998 682 2049 ἔν
699 2015 806 2049 τινι
826 1991 961 2049 αὐτὸ
985 1993 1278 2049 ἀδύνατον.
1326 1994 1517 2063 Φαμὲν
1535 1994 1659 2063 γάρ.
1715 1989 1852 2047 Οὐδ’
1878 1990 1986 2060 ἄρα

314 2077 444 2134 ποτὲ
474 2080 536 2132 ἐν
563 2098 638 2151 τῳ
658 2073 806 2151 αὐτῷ
828 2079 989 2131 ἐστίν.
1052 2081 1121 2131 Τί
1139 2075 1237 2146 δή·
1223 2116 1238 2141 ,
1270 2074 1387 2131 Ότι
1404 2070 1551 2145 ἤδη
1525 2072 1595 2129 άν
1615 2078 1673 2128 ἐν
1694 2077 1882 2145 ἐκείνῳ
1904 2080 1985 2141 εἴη

313 2165 375 2218 ἐν
395 2185 437 2236 ῳ
458 2183 533 2235 τῳ
554 2159 706 2234 αὐτῷ
724 2161 885 2215 ἐστίν.
937 2159 1101 2215 Πάνυ
1120 2181 1222 2230 μεν
1243 2152 1364 2213 οὖν.
1413 2155 1560 2213 ”Λλλ
1583 2154 1710 2211 ούτε
1728 2157 1789 2210 ἐν
1811 2156 1988 2225 ἑαυτῳ

316 2243 443 2298 οὔτε
462 2246 522 2297 ἐν
541 2240 688 2315 ἄλλῳ
710 2237 831 2296 οἷόν
850 2263 908 2296 τε
925 2235 998 2312 ἦν
1018 2238 1172 2315 αύτῳ
1190 2243 1403 2296 ἐνεῖναι.
1463 2237 1547 2294 Οὐ
1565 2238 1672 2308 γὰρ
1694 2231 1814 2291 οὖν.
1871 2233 1986 2290 013-

253 2345 285 2385 Β
318 2323 552 2380 δέποτε’
529 2324 635 2394 άρα
656 2325 766 2378 ἐστὶ
784 2322 845 2378 τὸ
868 2326 930 2378 ἓν
947 2326 1009 2379 ἐν
1027 2329 1103 2396 τῷ
1122 2320 1286 2396 αὐτῷ.
1331 2320 1449 2376 Ούκ
1470 2324 1660 2375 ἔοικεν.
1698 2315 1857 2374 Ἀλλὰ
1878 2314 1987 2386 μὴν

313 2404 377 2459 τό
413 2427 475 2474 γε
503 2406 771 2476 μηδέποτε
800 2407 862 2458 ἐν
890 2425 966 2477 τῳ
996 2403 1148 2478 αὐτῷ
1176 2400 1243 2458 ὂν
1274 2400 1405 2457 ούθ’
1439 2400 1674 2473 ἡσυχίαν
1703 2398 1823 2468 άγει
1851 2394 1984 2452 οὔθ’

314 2485 556 2555 ἕστηκεν.
616 2483 702 2540 Ού
734 2506 839 2554 γαρ
871 2479 994 2539 οἷόν
1021 2507 1092 2539 τε.
1151 2482 1263 2539 T6‘
1248 2487 1310 2539 εν
1340 2482 1476 2554 άρα,
1516 2480 1588 2547 ὡς
1606 2486 1811 2550 ἔοικεν,
1850 2474 1986 2534 ούθ’

315 2566 542 2636 ἕστηκεν
562 2564 689 2622 οὔτε
709 2577 949 2620 κινεῖται.
991 2567 1218 2621 Οὔκουν
1238 2564 1303 2636 δὴ
1325 2570 1583 2635 φαίνεταί
1594 2586 1671 2634 γε.
1712 2561 1858 2617 Οὐδὲ
1877 2559 1986 2630 μὴν

314 2645 518 2702 ταύτόν
545 2669 608 2717 γε
637 2645 770 2702 οὔθ’
803 2647 967 2720 ἑτέρῳ
1000 2647 1127 2702 οὔτε
1147 2649 1323 2721 ἑαυτῷ
1343 2651 1518 2717 ἔσται,
1558 2642 1679 2701 οὐδ’
1703 2637 1777 2697 αὖ
1795 2644 1982 2708 ἕτερον

315 2730 444 2785 οὔτε
472 2727 650 2785 αὑτοῦ
678 2727 806 2784 ούτε
835 2730 1023 2799 ἑτέρου
1055 2726 1125 2784 ἄν
1148 2738 1247 2799 εἴη.
1306 2734 1376 2784 Τί
1373 2728 1486 2828 Ηδής
1510 2725 1735 2795 Ἐτερον
1754 2724 1854 2793 μέν
1874 2741 1981 2776 που

492 2816 515 2828 u
557 2807 580 2828 'ss

315 2811 512 2866 ἑαυτου
548 2833 616 2866 ον
645 2809 768 2874 ἑνὸς
796 2812 986 2880 ἕτερον
1013 2806 1086 2865 ἀν
1107 2819 1188 2881 εἴη
1210 2812 1300 2866 καὶ
1320 2808 1422 2864 ούκ
1442 2805 1511 2863 ἂν
1530 2808 1665 2878 εἴη’*
1633 2829 1709 2862 εν.
1763 2804 1979 2874 Ἀληθῆ.
