2028 3198
54 127 111 175 ει
189 123 195 126 ·
669 116 1120 168 ΠιΠΑΡΧοΣ.
1217 87 1224 90 ’
1632 113 1739 167 351

192 259 315 311 29„
370 251 654 325 Εὐφήμει·
691 249 762 306 οὐ
780 248 925 321 μέντ’
947 246 1219 317 ἂνκαλῶς
1240 258 1486 322 ποιοίην,
1518 247 1588 306 οὐ
1617 268 1739 306 πει-
1770 269 1810 309 Β

55 337 298 408 θόμενος
317 334 478 407 ἀνδρὶ
496 333 694 407 ἀγαθῷ
714 333 805 388 καὶ
825 338 1002 406 σοφῷ.

198 424 304 474 ΕΤ.
361 424 483 474 Τίνι
499 417 711 488 τούτῳ;
748 416 837 471 καὶ
860 419 917 470 τί
930 414 1193 486 μάλιστα;

185 506 311 558 ΣΩ.
363 505 574 571 Πολίτῃ
610 501 711 569 μὲν
745 500 859 571 ἐμῷ
893 519 950 553 τε
987 499 1076 554 καὶ
1108 503 1215 572 σῷ,
1252 497 1656 566 Πεισιστράτου
1676 500 1741 553 δὲ

57 587 172 641 υἱεῖ
189 590 291 639 τοῦ
319 585 381 640 ἐκ
410 585 719 651 Φιλαϊδῶν,
746 578 1048 654 Ἱππάρχῳ,
1087 578 1148 646 ὃς
1183 586 1296 637 τῶν
1331 579 1738 651 Πεισιστράτου

52 670 268 721 παίδων
288 658 357 735 ἦν
377 664 753 736 πρεσβύτατος
772 664 861 718 καὶ
879 663 1224 732 σοφώτατος,
1246 660 1306 728 ὃς
1325 661 1463 719 ἄλλα
1479 684 1537 719 τε
1555 663 1730 719 πολλὰ

50 748 141 804 καὶ
175 745 315 803 καλοὶ
354 751 488 817 ἔργα
523 752 722 817 σοφίας
758 744 1103 816 ἀπεδείξατο,
1142 747 1233 800 καὶ
1270 744 1335 801 τὰ
1352 743 1591 818 Ὁμήρου
1628 750 1731 817 ἔπη

51 835 268 900 πρῶτος
286 827 544 899 ἐκόμισεν
563 834 640 894 είς
657 827 760 900 τὴν
777 834 888 899 γῆν
907 832 1160 897 ταυτηνί,
1182 830 1274 882 καὶ
1294 826 1576 899 ἠνάγκασε
1595 828 1728 895 τούς

50 910 346 985 όαψῳδούς
370 915 791 982 Παναθηναίοις
819 912 872 976 ἐξ
902 907 1228 982 ὑπολήψεως
1257 914 1450 983 ἐφεξῆς
1480 910 1619 968 αὐτὰ
1646 917 1731 969 δι-

49 1001 219 1064 ιέναι,
260 991 445 1062 ὥσπερ
466 998 575 1048 νῦν
594 996 672 1048 ἔτι
703 995 818 1047 οἵδε
847 999 1096 1049 ποιοῦσι·
1135 995 1226 1050 καὶ
1255 991 1331 1050 ἐπ’
1367 992 1728 1067 Ἀνακρέοντα
1760 1013 1791 1053 c

45 1075 147 1133 τὸν
179 1075 350 1146 Τήϊον
379 1074 827 1146 πεντηκόντορον
859 1082 1076 1141 στείλας
1104 1075 1360 1148 ἐκόμισεν
1391 1082 1467 1143 εἰς
1495 1077 1596 1150 τὴν
1625 1079 1730 1134 πό-

50 1169 163 1216 λιν·
204 1162 528 1231 Σιμωνίδην
549 1157 607 1214 δὲ
626 1156 725 1213 τὸν
745 1164 916 1215 Κεῖον
936 1156 1020 1214 ἀεὶ
1040 1161 1163 1227 περὶ
1183 1157 1358 1215 αὑτὸν
1388 1158 1494 1230 εἶχε
1508 1202 1521 1228 ,
1558 1161 1730 1231 μεγά-

53 1250 167 1307 λοις
184 1249 408 1312 μισθοῖς
426 1241 517 1295 καὶ
537 1238 735 1308 δώροις
755 1246 996 1296 πείθων·
1016 1248 1189 1297 ταῦτα
1209 1239 1260 1296 δ’
1276 1244 1444 1297 ἐποίει
1457 1242 1731 1315 βουλόμε-

50 1346 145 1390 νος
163 1323 447 1380 παιδεύειν
464 1321 596 1388 τούς
615 1328 838 1388 πολίτας
851 1365 864 1389 ,
896 1326 989 1378 ἵνα
1010 1320 1083 1388 ὥς
1100 1330 1402 1395 βελτίστων
1421 1324 1603 1381 ὄντων
1623 1324 1727 1380 αύ-

48 1413 160 1463 τῶν
179 1405 336 1477 ἄρχοι
350 1448 365 1475 ,
387 1404 490 1461 οὐκ
509 1406 762 1476 οἰόμενος
781 1409 896 1461 δεῖν
916 1405 1103 1462 οὐδενὶ
1124 1412 1322 1477 σοφίας
1341 1415 1608 1478 φθονεῖν,
1631 1406 1726 1464 ἅτε

48 1484 131 1545 οἷν
148 1490 317 1554 καλός
337 1511 395 1544 τε
414 1486 682 1557 κάγαθός.
713 1487 899 1560 ἐπειδὴ
915 1489 973 1545 δὲ
987 1487 1140 1563 αὐτῷ
1158 1493 1214 1545 οί
1229 1491 1431 1559 περὶτὰ
1454 1489 1593 1546 ἄστυ
1612 1496 1725 1545 τῶν

46 1579 286 1628 πολιτῶν
317 1572 744 1641 πεπαιδευμένοι
773 1564 918 1642 ἦσαν
948 1574 1039 1628 καὶ
1076 1571 1392 1643 ἐθαύμαζον
1426 1570 1603 1628 αύτὸν
1640 1574 1726 1628 ἐπὶ

49 1660 247 1726 σοφίᾳ,
279 1652 658 1725 ἐπιβουλεύων
693 1645 767 1707 αὖ
801 1652 931 1719 τούς
966 1658 1025 1710 ἐν
1061 1667 1174 1720 τοῖς
1208 1653 1396 1725 ἀγροῖς
1433 1658 1725 1712 παιδεῦσαι
1755 1677 1790 1718 D

49 1740 274 1807 ἔστησεν
297 1733 484 1800 αὐτοῖς
495 1731 692 1806 Ἑρμᾶς
705 1733 850 1792 κατάΔ
883 1735 962 1803 ἃς
980 1735 1146 1804 ὁδούς
1165 1740 1226 1794 ἐν
1246 1741 1392 1811 μέσῳ
1412 1744 1515 1792 τοῦ
1533 1736 1726 1802 ἄστεος

48 1821 270 1874 καὶτῶν
290 1818 484 1889 δήμων
506 1818 779 1887 ἑκάστων,
815 1817 1047 1877 κᾶπειτα
1075 1829 1171 1893 τῆς
1201 1826 1398 1891 σοφίας
1417 1826 1512 1891 τῆς
1530 1817 1723 1889 αὑτοῦ,

45 1899 118 1972 ἥν
144 1898 185 1956 τ’
209 1905 382 1971 ἔμαθε
403 1902 494 1956 καὶ
521 1897 595 1971 ἤν
626 1898 794 1965 αύτὸς
824 1905 1073 1975 ἐξεῦρεν,
1113 1904 1469 1974 ἐκλεξάμενος
1487 1900 1523 1959 ὁὶ
1541 1900 1723 1973 ἡγεῖτο

42 1981 337 2054 σοφώτατα
357 1980 523 2053 εἶναι,
554 1987 726 2038 ταῦτα
746 1981 914 2051 αὐτὸς
937 1988 1176 2051 ἐντείνας
1195 1992 1269 2051 εἰς
1289 1990 1529 2056 ἐλεγεῖον
1548 1983 1724 2041 αὑτοῦ

43 2066 321 2137 ποιήματα
358 2067 449 2121 καὶ
484 2069 835 2137 ἐπιδείγματα
872 2074 967 2139 τῆς
1005 2076 1204 2139 σοφίας
1243 2070 1578 2138 ἐπέγραψεν,
1631 2070 1724 2123 ’ἵνα

46 2153 269 2216 πρῶτον
297 2149 399 2217 μὲν
425 2147 492 2203 τὰ
527 2150 590 2204 ἐν
608 2154 853 2218 Δελφοῖς
887 2150 1180 2222 γράμματα
1199 2148 1265 2206 τὰ
1286 2148 1432 2220 σοφά
1454 2155 1627 2204 ταῦτα
1646 2147 1720 2221 μὴ
1752 2162 1785 2203 Ε

45 2230 388 2301 θαυμάζοιεν
407 2233 464 2285 ot
488 2237 703 2286 πολῖται
723 2228 926 2301 αὐτοῦ,
951 2233 1013 2288 τό
1033 2254 1090 2288 τε
1111 2238 1303 2289 Γνῶθι
1325 2231 1532 2287 σαυτόν
1551 2233 1641 2289 καὶ
1660 2230 1721 2288 τὸ

47 2314 241 2385 Μηδὲν
260 2313 404 2383 ἄγαν
418 2314 510 2369 καὶ
531 2306 700 2368 τᾶλλα
718 2311 783 2368 τά
803 2320 1046 2384 τοιαῦτα,
1070 2311 1209 2370 άλλά
1229 2311 1293 2370 τοὶ
1304 2310 1604 2385 Ἱππάρχου
1621 2312 1724 2386 ῥή-

43 2418 185 2468 ματα
196 2402 411 2467 μᾶλλον
422 2394 569 2466 σοφὰ
590 2394 827 2467 ἡγοῖντο,
843 2401 1024 2453 ἔπειτα
1038 2398 1329 2468 παριόντες
1340 2393 1458 2452 ἅνω
1470 2396 1562 2453 καὶ
1574 2395 1723 2452 κάτω

41 2481 131 2535 καὶ
151 2477 663 2550 ἀναγιγνώσκοντες
692 2480 780 2535 καὶ
813 2486 990 2550 γεῦμα
1021 2480 1399 2551 λαμβάνοντες
1421 2477 1597 2535 αύτοῦ
1626 2485 1724 2550 τῆς

44 2568 242 2632 σοφίας
263 2567 503 2636 φοιτῷεν
532 2564 591 2617 ἐκ
618 2568 731 2618 τῶν
760 2558 952 2632 ἀγρῶν
980 2564 1071 2619 καὶ
1101 2563 1190 2619 ἐπὶ
1219 2559 1285 2618 τὰ
1306 2559 1470 2618 λοιπὰ
1492 2565 1722 2616 παιδευ-

41 2643 365 2716 θησόμενοι.
416 2643 578 2701 ἐστὸν
597 2646 655 2701 δὲ
676 2645 792 2701 δύω
820 2644 1270 2717 τοῦπιγράμματε·
1310 2647 1371 2701 ἐν
1390 2644 1492 2716 μὲν
1509 2655 1622 2710 τοῖς
1640 2640 1718 2699 ἐπ’

42 2722 303 2797 ἀριστερὰ
322 2734 424 2783 τοῦ
446 2725 647 2799 Ἑρμοῦ
670 2727 906 2784 ἑκάστου
937 2730 1325 2800 ἐπιγέγραπται
1343 2730 1522 2798 λέγων
1541 2724 1571 2782 ὁ
1599 2725 1808 2796 ‘Eo—229
