2028 3198
276 135 347 187 44
880 152 1355 201 ΠΛΑΤΩΝΟΣ

276 274 327 324 εἰ
351 272 536 340 μέντοι
566 274 839 342 w'wfimfi
860 282 965 383 γὰρ
986 281 1281 355 οὐδαμοῦ
1257 284 1493 340 οἱπτεται.
1549 282 1616 342 ὃν
1635 285 1739 357 γὰρ
1761 290 1870 342 ἐστὶ
1891 287 1950 342 τό

273 358 377 406 λου
405 375 508 407 '⁶0⁷²
549 365 607 422 τὸ
648 369 705 421 δὲ
742 362 875 436 μὴ
854 387 922 420 ον
948 369 1009 420 ἔν
1037 386 1112 435 τῳ
1141 372 1252 421 τῶν
1280 366 1460 421 ὅντων
1489 365 1767 422 ἀδύνατον
1799 366 1954 424 εἶναι.

272 434 578 501 ἐκδίὺνατον
607 447 726 517 γάρ.
788 445 908 501 Οὐκ
938 444 1045 516 ἄρα
1063 447 1122 502 τὸ
1146 449 1208 502 ἓν
1225 446 1297 518 μὴ
1321 471 1389 503 ον
1409 452 1744 520 στρέφεσθαι
1763 446 1835 504 ἂν
1854 450 1954 504 δύ-

283 550 435 583 ναιτο
465 530 526 583 ἐν
554 530 744 601 ἐκείνω
777 532 837 583 ἐν
867 520 912 601 ᾦ
939 525 1012 598 μὴ
1044 533 1207 583 ἔστιν.
1263 527 1348 582 06
1375 528 1481 598 γὰρ
1501 533 1619 585 οὐν.
1676 529 1822 586 Οὐδὲ
1842 529 1954 601 μὴν

283 609 604 665 ἀλλοιοῦταί
627 630 736 664 που
762 608 823 665 τὸ
856 612 915 663 ἓν
945 611 1172 678 ἑαυτοῦ,
1212 609 1339 664 οὔτε
1368 609 1429 666 τὸ
1462 607 1529 667 ὃν
1547 611 1675 667 οὔτε
1693 611 1756 667 τὸ
1774 612 1846 682 μὴ
1869 612 1952 667 όν.

283 691 352 747 06
383 690 489 762 γὰρ
520 688 592 745 ἂν
620 686 738 762 ἦν
717 714 744 745 ο
766 691 966 759 λόγος
947 694 1023 744 ε’τι
1042 693 1165 760 περὶ
1180 697 1282 745 τοῦ
1301 692 1449 762 ἑνός,
1493 701 1642 763 εἴπερ
1662 692 1952 764 ἠλλοιοῦτο

283 772 416 829 αὐτὸ
439 775 665 843 ἑαυτοῦ,
689 769 826 826 ἀλλὰ
850 772 972 840 περὶ
990 770 1164 826 ἄλλον
1182 773 1342 836 τινός.
1387 771 1613 842 Ὀρθως.
1656 779 1730 829 Εἰ
1747 778 1804 829 δὲ
1824 774 1951 874 μήτ’

201 871 232 912 E
283 854 597 912 ἀλλοιοῦται
618 855 752 925 μήτε
770 856 831 909 ἐν
849 852 1030 923 ταύτῷ
1049 855 1336 923 στρέφεται
1356 857 1488 926 μήτε
1509 862 1838 927 μεταβαίνει,
1861 860 1930 926 ἀρ

283 935 355 998 ἄν,
385 958 460 1008 πῃ
479 942 555 992 ἔτι
575 948 807 1000 κινοῖτο;
843 942 970 999 Πῶς
985 934 1117 1005 γάρ·
1104 977 1118 1001 ,
1155 936 1230 990 Τό
1249 957 1311 1006 γε
1329 935 1440 1008 μὴν
1460 936 1721 1008 ακίνητον
1741 935 1950 1008 ανάγκη

282 1019 514 1091 ἡσυχίαν
534 1018 715 1088 ἄγειν,
746 1015 806 1072 τὸ
829 1017 886 1072 δὲ
908 1015 1179 1087 ἡσυχάζον
1197 1019 1433 1073 ἑστάναι.
1482 1017 1730 1090 Ἀνάγκη.
1795 1018 1868 1073 Τὸ
1893 1022 1952 1074 ἓν

284 1102 418 1171 ἄρα,
462 1100 532 1165 ὡς
559 1105 762 1169 ἔοικεν,
803 1096 905 1153 οὐκ
938 1094 1004 1152 ὂν
1034 1099 1228 1169 ἕστηκέ
1252 1122 1310 1155 τε
1330 1102 1418 1155 καὶ
1437 1112 1678 1156 κινεῖται.
1715 1100 1949 1156 ’Ἐοικεύ
2023 1170 2028 1179 f

282 1186 392 1239 Καὶ
421 1183 529 1255 μὴν
561 1192 711 1254 εἴπερ
743 1204 806 1253 γε
834 1193 1088 1249 κινεῖται,
1127 1181 1332 1251 μεγαλη
1362 1180 1575 1253 ανάγκη
1597 1180 1747 1255 αὐτῷ
1767 1180 1947 1238 ἀλλοι-
2022 1184 2028 1236 ’ἶ

174 1284 254 1328 163
282 1272 500 1322 οῦσθαι.
553 1264 662 1336 ὅπῃ
685 1286 791 1334 γαρ
825 1263 895 1318 ἄν
922 1285 971 1317 τι
1000 1269 1234 1364 κινηθῇ,
1271 1284 1408 1317 κατα
1448 1270 1717 1331 τοσοῦτον
1753 1261 1946 1318 οὐκέθ’

283 1346 542 1412 ὡσαύτως
568 1352 673 1417 ε’χει
697 1370 766 1411 ως
787 1345 954 1416 εἶχεν,
993 1341 1118 1398 ἀλλ’
1141 1346 1349 1413 ἑτέρως.
1410 1343 1615 1409 Οὕτως.
1670 1346 1943 1416 Κινούμε«

279 1451 384 1484 νον
403 1431 469 1499 δὴ
490 1428 550 1484 τό
574 1432 633 1483 ἓν
653 1431 743 1483 καὶ
762 1427 1089 1483 αλλοιοῦται.
1130 1431 1256 1479 Ναί
1289 1428 1398 1480 Καὶ
1417 1425 1528 1496 μὴν
1546 1431 1769 1499 μηδαμῇ
1785 1450 1846 1498 γε
1867 1450 1942 1482 κι-

769 1506 847 1526 suff!

281 1513 558 1582 νούμενον
578 1509 792 1609 οὐδαμῃ
813 1533 883 1564 αν
904 1508 1190 1563 αλλοιοῖτο.
1243 1507 1326 1563 06
1345 1509 1465 1577 γάρ.
1515 1502 1600 1562 εΗι
1620 1531 1720 1578 μεν
1739 1508 1846 1578 ἄρα
1865 1531 1948 1563 κι-

281 1604 450 1648 νεῖται
476 1591 535 1648 τό
565 1590 667 1646 οὐκ
701 1588 768 1646 ὂν
797 1594 886 1661 ἓν,
925 1589 1263 1646 αλλοιοῦται·
1303 1592 1337 1662 ’ᾖ
1368 1589 1426 1644 δε
1455 1591 1527 1661 μὴ
1549 1602 1803 1660 κινεῖται,
1846 1589 1948 1646 οὐκ
2021 1638 2028 1646 .

281 1674 610 1730 ἀλλοιοῦται.
672 1672 755 1729 06
786 1674 907 1743 γάρ.
974 1671 1046 1728 T6
1070 1675 1129 1726 ἓν
1149 1670 1255 1739 ἄρα
1274 1669 1345 1740 μὴ
1368 1667 1434 1725 ὂν
1454 1670 1772 1727 ἀλλοιοῦταί
1783 1695 1840 1727 τε
1861 1675 1950 1727 καὶ

282 1755 385 1810 οὐκ
416 1754 744 1810 ἀλλοιοῦται.
798 1760 1069 1809 Φαίνεται.
1127 1752 1200 1806 T6
1234 1751 1284 1806 δ’
1311 1751 1710 1823 ἀλλοιούμενον
1729 1748 1821 1823 ἆρ’
1846 1753 1949 1809 οὐκ

283 1835 498 1907 ἀνάγκη
529 1828 821 1906 γίγνεσθαι
854 1835 954 1905 μὲν
983 1837 1170 1902 ἕτερον
1199 1830 1234 1902 ἢ
1263 1834 1558 1904 πρότερον,
1598 1833 1950 1891 ἀπόλλυσθαι

219 1938 250 1977 Β
285 1919 342 1975 δὲ
372 1923 430 1974 ἐκ
461 1924 558 1988 τῆς
586 1920 853 1989 προτέρας
885 1917 1066 1981 ἕξεως·
1101 1912 1160 1969 τὸ
1194 1914 1252 1968 δὲ
1281 1913 1352 1984 μὴ
1385 1913 1788 1986 ἀλλοιούμενον
1817 1917 1948 1987 μήτε

281 2006 571 2070 γίγνεσθαι
588 1999 721 2069 μήτε
736 1996 1118 2063 ἀπόλλυσθαω
1154 1997 1401 2069 Ἀνάγκη.
1456 2001 1565 2054 Καὶ
1583 1998 1642 2054 τὸ
1668 2003 1726 2055 ἓν
1747 2000 1854 2071 ἄρα
1874 1999 1947 2071 μὴ

281 2079 348 2138 ὂν
375 2079 776 2150 ἀλλοιούμενον
805 2082 905 2150 μὲν
934 2086 1179 2149 γίγνεταί
1202 2102 1259 2135 τε
1278 2083 1366 2136 καὶ
1387 2080 1715 2152 ἀπόλλυται,
1755 2084 1828 2154 μὴ
1849 2082 1947 2138 ἆλ-

280 2164 609 2234 λοιούμενον
639 2164 698 2217 δὲ
726 2161 853 2217 οὔτε
882 2168 1123 2232 γίγνεται
1152 2161 1278 2217 οὔτε
1310 2162 1635 2218 ἅπόλλυται’
1674 2167 1764 2219 καὶ
1802 2163 1947 2220 οὕτω

280 2244 340 2300 τὸ
373 2248 433 2299 ἓν
463 2243 534 2314 μὴ
559 2241 626 2298 ὃν
644 2250 891 2314 γίγνεταί
903 2265 960 2298 τε
977 2246 1067 2298 καὶ
1087 2242 1414 2315 ἀπόλλυται,
1450 2248 1539 2301 καὶ
1559 2245 1685 2300 οὔτε
1706 2252 1947 2315 γίγνεται

282 2325 399 2382 οὔτ’
425 2325 745 2381 απόλλυται.
807 2325 890 2379 06
907 2348 1013 2395 γαρ
1035 2329 1151 2381 οὐν.

421 2413 579 2464 XXV.
655 2401 839 2471 Αὖθις
861 2406 925 2478 δὴ
949 2410 1033 2463 ἐπὶ
1061 2407 1161 2477 τὴν
1189 2406 1361 2506 ἀρχὴν
1389 2416 1558 2479 ἴωμεν
1577 2409 1770 2477 παλιν,
1809 2408 1946 2475 ὀψό-

282 2510 438 2560 μενοι
474 2492 522 2542 εἰ
554 2487 721 2542 ταύτα
760 2501 890 2558 ημιν
927 2501 1179 2559 φανεῖται
1215 2489 1355 2558 ἅπερ
1391 2492 1482 2545 καὶ
1516 2498 1649 2560 νῦν,
1700 2486 1737 2561 ἢ
1773 2492 1943 2560 ἕτερα.

225 2590 256 2631 c
281 2567 437 2625 Ἀλλα
459 2569 577 2639 χρή.
636 2567 861 2623 Οὐκοῦν
882 2573 941 2624 ἓν
962 2577 1012 2625 εἰ
1027 2570 1098 2642 μὴ
1126 2575 1236 2626 ἔστι
1247 2575 1489 2642 ,φαμέν,
1509 2582 1562 2627 τί
1579 2571 1679 2643 χρὴ
1700 2574 1822 2642 περὶ
1841 2571 1943 2626 αὕ-

281 2657 381 2707 τοῦ
401 2654 745 2721 ξυμβαίνειν;
782 2658 909 2706 Ναί.
956 2651 1029 2707 T6
1052 2656 1110 2708 δε
1130 2677 1201 2754 μη
1224 2660 1370 2709 ἔστιν
1390 2653 1522 2709 ὅταν
1541 2657 1807 2723 λέγωμεν,
1835 2647 1942 2721 ἆρα

282 2734 355 2804 μή
375 2755 425 2787 τι
445 2732 578 2787 ἄλλο
601 2738 849 2801 σημαίνει
880 2756 912 2802 η
945 2733 1133 2800 οὐσίας
1163 2734 1437 2790 απουσίαν
1464 2733 1638 2805 τούτῳ
1667 2727 1756 2803 ᾤ
1731 2732 1803 2788 οἶν
1822 2755 1943 2803 φω-

282 2836 382 2884 μεν
413 2813 485 2885 μὴ
519 2813 682 2869 εἶναι;
716 2812 897 2868 Οὐδεν
917 2814 1063 2870 α’λλο.
1134 2818 1382 2887 Πότερον
1413 2811 1544 2885 οὖν,
1583 2815 1718 2870 ὅταν
1749 2838 1941 2886 φωμεν
