2028 3198
295 124 399 177 304
898 127 1374 175 ΠΛΑΤΩΝΟΣ
1639 162 1644 164 -
1914 135 1971 179 34
2001 140 2011 159 '

301 269 434 315 σθαι
454 259 600 315 οὕτω
622 265 802 323 κακῶς
822 258 1074 329 ἠγμένος.
1127 264 1303 315 καίτοι
1333 258 1436 315 οὐκ
1465 261 1694 331 αἰσχρὸν
1725 265 1875 317 δοκεῖ
1893 262 1971 318 εἷ-

299 365 415 407 ναι
448 347 497 397 εί
522 348 636 396 τῶν
666 347 943 411 πολεμίων
974 351 1233 410 γυναῖκες
1260 343 1477 412 βέλτιον
1506 345 1628 413 περὶ
1637 341 1817 443 ἡμων
1849 348 1970 399 δια-

302 429 576 490 νοοῦνται,
598 426 750 487 οἴους
769 421 871 493 χρὴ
893 422 1056 487 ὄντας
1076 428 1267 493 σφίσιν
1285 426 1600 495 ἐπιχειρεῖν,
1622 422 1659 496 ἦ
1678 423 1828 496 ἡμεῖς
1847 428 1970 496 περὶ

300 503 453 575 ἡμῶν
474 502 683 569 αὐτώνς
719 502 852 573 άλλ’,
879 507 919 558 ὠ
942 504 1191 575 μακάριε,
1214 506 1544 605 πειθόμενος
1564 509 1687 576 ἐμοί
1706 530 1762 562 τε
1779 509 1868 563 καὶ
1892 514 1966 581 τῷ

238 601 268 641 Β
300 589 358 641 ἐν
377 593 618 655 Δελφοῖς
636 586 936 656 γράμματι,
957 593 1139 656 γνῶθι
1164 587 1398 657 σαυτόν,
1432 611 1515 643 οτι
1535 611 1690 644 ουτοι
1709 592 1846 646 εἰσὶν
1868 589 1969 645 άν-

300 676 542 738 τίπαλοι,
577 666 690 723 ἄλλ’
714 666 815 738 οὐχ
845 666 943 731 οὕς
972 666 1043 722 σύ
1075 676 1201 723 οἴει·
1243 690 1323 722 ων
1351 667 1499 742 άλλςο
1530 692 1632 740 μεν
1651 670 1773 726 οὐδ’
1793 669 1863 727 ἄν
1889 674 1967 728 ἑνὶ

300 756 755 822 περιγενοίμεθα,
794 754 845 805 εἰ
867 751 942 821 μή
963 772 1064 818 περ
1093 753 1368 824 ἐπιμελεία
1387 772 1443 806 τε
1463 774 1535 806 αν
1556 755 1645 807 καὶ
1663 756 1837 826 τέχνῃ.
1889 748 1969 809 ὠν

299 834 370 889 σύ
401 839 451 889 εί
473 831 902 903 άπολειφθήσει,
941 834 1031 887 καὶ
1060 839 1161 887 τοῦ
1199 830 1503 903 ὀνομαστὸς
1531 837 1793 904 γενέσθαι
1830 833 1969 890 άπο-

300 915 590 986 λειφθήσει
609 915 690 971 ἐν
689 915 904 985 Ἐλλησί
916 937 972 969 τε
995 917 1083 969 καὶ
1102 915 1418 985 βαρβάροις,
1441 937 1510 970 ου
1530 937 1623 986 μοι
1642 920 1818 982 δοκεῖς
1836 919 1970 989 ἐρᾷν

301 995 372 1062 ὡς
391 994 570 1060 οὐδεὶς
590 995 752 1060 ἄλλος
771 995 957 1051 ἄλλον.

440 1085 570 1134 ΧΙΧ.
647 1086 764 1133 ΑΛ.
827 1084 961 1134 Τίνα
974 1073 1079 1135 οὖν
1097 1079 1196 1150 χρὴ
1220 1077 1321 1149 τὴν
1340 1081 1661 1149 ἐπιμέλειαν,
1680 1072 1968 1147 ὦΣεόκρα-

299 1183 410 1232 τες,
451 1168 754 1230 ποιεῖσθαι,
794 1164 927 1230 ἔχεις
956 1161 1347 1232 ἐξηγήσασθαι;
1391 1159 1596 1225 παντὸς
1623 1159 1729 1230 γάρ
1758 1167 1969 1230 μᾶλλον

299 1247 477 1306 ἔοικας
496 1241 681 1313 άληθῆ
701 1242 953 1312 εἰρηκότι.

440 1330 562 1379 ΣΩ.
619 1330 755 1379 Ναί·
795 1323 932 1379 ἀλλὰ
967 1324 1071 1394 γὰρ
1097 1321 1252 1394 κοινὴ
1278 1324 1481 1395 βουλή,
1516 1317 1667 1397 ᾦτινι
1691 1324 1876 1398 τρόπῳ
1899 1322 1969 1379 άν

240 1424 269 1463 C
302 1406 332 1462 ὅ
354 1428 404 1461 τι
425 1409 695 1477 βέλτιστοι
725 1411 1050 1476 γενοίμεθα·
1103 1406 1206 1475 ἐγώ
1233 1405 1337 1475 γάρ
1367 1428 1451 1461 τοι
1480 1403 1546 1460 οὐ
1584 1406 1707 1473 περὶ
1736 1407 1836 1476 μὲν
1865 1411 1967 1461 σοῦ

300 1491 438 1558 λέγω
461 1485 531 1551 ὥς
549 1488 648 1559 χρὴ
674 1491 1073 1557 παιδευθῆναι,
1103 1488 1226 1558 περὶ
1255 1489 1391 1557 ἐμοῦ
1420 1485 1479 1541 δὲ
1498 1485 1592 1541 οὔ·
1630 1485 1698 1541 οὐ
1723 1485 1827 1555 γάρ
1851 1483 1955 1541 ἔσθ’

300 1569 406 1642 ὅτῳ
431 1586 535 1623 σου
560 1570 803 1638 διαφέρω
824 1569 968 1640 πλήν
988 1590 1049 1638 γε
1072 1569 1166 1623 ἑνί.

440 1656 556 1706 ΑΛ.
620 1657 766 1717 Τίνι,

439 1735 562 1786 ΣΩ.
613 1729 669 1787 Ὁ
698 1727 989 1801 ἐπίτροπος
1017 1729 1045 1787 ὁ
1078 1731 1206 1802 ἐμὸς
1225 1738 1456 1803 βελτίων
1474 1733 1584 1786 ἐστὶ
1611 1732 1701 1786 καὶ
1722 1729 1969 1801 σοφώτε-

302 1833 397 1880 ρος
415 1807 450 1881 ἦ
469 1817 743 1881 Περικλῆς
763 1811 791 1866 ὁ
816 1812 925 1876 σός.

441 1898 559 1947 ΑΛ.
621 1897 713 1957 Τίς
732 1886 920 1963 οὗτος,
947 1886 990 1947 ὦ
1008 1894 1334 1960 Σώκρατες;

442 1979 566 2029 ΣΩ.
630 1973 794 2044 Θεός,
829 1967 872 2028 03
888 1972 1198 2045 Ἀλκιβιάδη
1213 2015 1227 2042 ,
1251 1973 1422 2043 ὅσπερ
1441 1979 1533 2028 σοί
1545 1995 1611 2044 με
1631 1971 1732 2028 οὐκ
1753 1980 1836 2028 εἴα
1861 1970 1965 2041 πρὸ

301 2059 465 2126 τῆσδε
485 2062 578 2126 τῆς
597 2053 802 2126 ἡμέρας
820 2059 1198 2126 διαλεχθῆναι·
1222 2049 1269 2129 ᾦ
1294 2057 1383 2111 καὶ
1403 2056 1678 2110 πιστεύων
1697 2057 1863 2123 λέγω,
1887 2052 1969 2108 ὅτι

302 2135 334 2208 ἡ
354 2137 644 2208 ἐπιφάνεια
669 2135 731 2191 δι’
757 2134 988 2202 οὐδενὸς
1007 2135 1180 2192 ἄλλον
1203 2153 1288 2192 σοι
1307 2141 1456 2192 ἔσται
1474 2133 1509 2207 ἢ
1530 2133 1593 2192 δι’
1617 2140 1768 2207 ἐμοῦ.

239 2236 271 2276 D
443 2225 558 2273 AA.
619 2222 849 2286 Παίζεις,
875 2210 918 2272 [5
938 2217 1246 2287 Σώκρατες.

442 2304 563 2354 ΣΩ.
608 2299 789 2364 Ἴσως·
828 2303 967 2368 λέγω
985 2301 1171 2370 μέντοι
1194 2297 1376 2371 άληθῆ
1391 2342 1404 2366 ,
1426 2298 1510 2355 ὅτι
1528 2301 1829 2369 ἐπιμελείας
1846 2296 1969 2354 δεό-

302 2389 472 2451 μεθα,
499 2387 710 2451 μᾶλλον
729 2382 829 2452 μὲν
849 2381 1050 2445 πάντες
1070 2379 1391 2452 ἅνθρωποι,
1418 2378 1556 2448 άτάρ
1576 2379 1657 2435 νω’
1676 2400 1737 2449 γε
1757 2380 1845 2433 καὶ
1864 2373 1970 2449 μά·-

303 2471 369 2518 λα
389 2463 621 2533 σφόδρα.

442 2550 558 2601 ΑΛ.
602 2541 719 2599 Ὅτι
737 2545 838 2613 μὲν
845 2543 990 2640 ἐγω,
1012 2541 1080 2598 οὐ
1101 2543 1307 2610 ψεύδει.

442 2630 566 2680 ΣΩ.
627 2622 773 2679 Οὐδε
791 2622 902 2694 μὴν
920 2623 1005 2678 ὅτι
1023 2621 1068 2694 γ’
1090 2623 1211 2694 ε’γω’.

443 2712 560 2762 ΑΛ.
625 2711 692 2761 Τί
709 2700 814 2760 οὖν
833 2702 904 2759 ἀν
925 2716 1197 2776 ποιοῖμενς

446 2794 567 2842 ΣΩ.
630 2785 750 2842 Οὐκ
768 2787 1111 2857 ἀποκνητέον
1131 2784 1261 2841 οὐδε
1279 2785 1668 2856 μαλακιστέον,
1701 2775 1745 2837 ὠ
1775 2783 1963 2852 ἑταῖρε.
