2028 3198
291 141 358 193 76
897 142 1375 191 ΠΛΑΤΩΝΟΣ

428 279 598 329 ΠΡῼ
651 272 861 341 Ὀρθῶς
886 294 970 328 τοι
1004 275 1147 402 λέγει
1176 276 1504 348 Σωκράτης,
1542 278 1632 333 καὶ
1662 277 1811 333 αύταῐ
1841 301 1957 335 πει-

291 358 464 410 στεόν.

430 442 525 491 ΦΙ.
585 434 812 491 Οὐκοῦν
842 434 979 504 ὑπερ
1004 440 1139 507 ἐμοῦ
1157 438 1255 508 σύ,
1291 439 1615 511 Πρώταρχε,
1653 441 1959 559 προῄρησαι

286 519 492 586 λε’;γειν

423 605 592 655 ΠΡΩ.
648 600 810 654 Πάνυ
829 621 911 668 γε·
944 606 1051 654 νῦν
1069 603 1255 670 μέντοι
1274 603 1469 672 σχεδὸν
1487 601 1676 672 ἀπορῶ
1690 646 1704 673 ,
1724 605 1814 659 καὶ
1836 607 1958 659 δέο-

285 686 385 750 μαί
397 703 486 752 γε,
527 675 572 736 ὦ
590 682 912 751 Σώκρατες,
948 680 1122 737 αὐτόν
1143 701 1203 737 σε
1221 681 1352 754 ἡμῖν
1371 687 1631 754 γενέσθαι
1650 686 1955 757 προφήτην,

286 766 377 817 ἵνα
407 763 579 833 μηδὲν
606 761 758 833 ἡμεῖς
787 779 875 817 σοι
905 765 1028 831 περὶ
1045 765 1143 819 τὸν
1163 764 1473 837 ἀγωνιστὴν
1499 768 1955 837 ἐξαμαρτάνοντες

289 842 436 914 παρα
460 847 623 913 μέλος
642 845 1018 914 φθεγξώμεθά
1036 867 1101 899 τι.

224 938 255 979 C
424 931 549 980 Σῼ.
606 929 889 995 Πειστέον,
914 920 959 980 c3'
973 927 1295 998 Πρώταρχε·
1324 928 1453 984 οὐδὲ
1472 927 1578 998 γάρ
1599 929 1838 999 χαλεπὸν
1857 929 1951 985 οὐ·-

284 1006 379 1062 δὲν
407 1007 727 1070 ἐπιτάττεις·
766 1005 888 1062 ἀλλ’
920 1007 1094 1073 ὅντως
1125 1027 1185 1064 σε
1204 1010 1337 1081 ἐγώ,
1377 1011 1630 1079 καθάπερ
1651 1010 1765 1066 εἷπε
1785 1017 1957 1082 Φίλη-

281 1095 406 1160 βος,
448 1088 744 1159 σεμνύνων
772 1091 832 1143 ἐν
853 1097 931 1162 τῷ
949 1096 1158 1156 παίζειν
1181 1093 1529 1164 ἐθορύβησα,
1569 1099 1709 1149 νοῦν
1731 1096 1821 1150 καὶ
1840 1098 1955 1148 ἐπι-

248 1212 253 1214 »
283 1172 497 1241 στήμην
517 1171 777 1241 ἐρόμενος
796 1169 991 1226 ὁποίου
1010 1175 1207 1243 γένους
1228 1173 1363 1241 εἷεν;

420 1258 590 1308 ΠΡΩ.
647 1254 980 1308 Παντάπασί
993 1276 1081 1324 γε,
1104 1249 1148 1309 ὦ
1163 1257 1472 1326 Σώκρατες.

423 1340 546 1390 ΣΩ.
600 1333 763 1389 Ἀλλά
793 1333 903 1404 μὴν
934 1336 1143 1407 ῥᾴδιον.
1200 1337 1400 1402 πάντες
1426 1337 1532 1408 γάρ
1555 1347 1958 1411 συμφωνοῦσιν

284 1421 338 1471 οἱ
358 1422 548 1488 σοφοί,
571 1415 800 1480 ἑαυτοὺς
818 1416 991 1481 ὅντως
1013 1419 1403 1490 σεμνύνοντες,
1427 1418 1499 1484 ώς
1518 1429 1651 1485 νοῦς
1669 1425 1777 1478 ἐστὶ
1797 1428 1958 1494 βασι-

283 1496 409 1562 λεὺς
438 1497 571 1568 ἡμῖν
600 1496 850 1567 οὐρανοῦ
879 1520 936 1552 τε
955 1501 1047 1554 καὶ
1075 1506 1198 1571 γῆς·
1233 1504 1323 1556 καὶ
1342 1511 1474 1566 ἴσως
1494 1497 1559 1557 εὗ
1578 1506 1824 1574 λέγουσι·
1867 1503 1956 1559 διὰ

282 1582 637 1650 μακροτέρων
672 1579 744 1650 δ’,
784 1585 834 1635 εἰ
858 1581 1074 1653 βούλει,
1111 1582 1213 1654 τὴν
1233 1586 1429 1650 σκέψιν
1448 1583 1620 1640 αὐτοῦ
1639 1591 1741 1640 τοῦ
1759 1587 1957 1653 γένους

281 1662 656 1731 ποιησώμεθα.

216 1760 252 1800 D
418 1749 589 1798 ΠΡΩ.
645 1744 775 1815 Λέγ’
801 1744 950 1810 ὅπως
968 1747 1158 1818 βούλει
1171 1788 1186 1816 ,
1217 1747 1389 1818 μηδὲν
1408 1754 1580 1818 μῆκος
1596 1746 1728 1819 ἡμῖν
1747 1747 1952 1805 ὑπολο-

279 1824 584 1896 γιζόμενος,
607 1820 652 1880 ώ
668 1828 988 1897 Σώκρατες,
1021 1827 1092 1891 ώς
1111 1827 1214 1883 οὐκ
1235 1827 1698 1899 ἀπεχθησόμενος.

375 1947 377 1949 -
417 1913 552 1963 XVI.
628 1913 751 1962 ΣΩ.
809 1914 1006 1972 Καλῶς
1054 1907 1213 1974 εἶπες.
1267 1908 1561 1980 ἀρξώμεθα
1593 1914 1664 1966 ,δέ
1694 1932 1809 1976 πως
1846 1905 1954 1966 ώδε

281 1991 748 2055 ἐπανερωτῶντες.

417 2075 588 2126 ΠΡΩ.
645 2077 802 2138 Πώς;

421 2157 548 2209 ΣΩ.
604 2153 880 2223 Πότερον,
904 2148 947 2208 cg
964 2155 1292 2225 Πρώταρχε,
1322 2153 1389 2209 τὰ
1410 2153 1694 2224 ξύμπαντα
1713 2156 1805 2210 καὶ
1825 2155 1951 2210 τόδε

284 2232 337 2289 τὸ
368 2235 716 2305 καλούμενον
745 2234 879 2290 ὅλον
898 2237 1276 2306 ἐπιτροπεύειν
1295 2242 1488 2306 φῶμεν
1507 2234 1611 2307 τὴν
1628 2243 1729 2292 τοῦ
1747 2236 1955 2307 ἀλόγου

279 2319 368 2371 καὶ
389 2322 509 2388 εἰκῇ
530 2317 770 2387 δύναμιν
787 2319 881 2373 καὶ
899 2318 959 2373 τὸ
981 2317 1091 2390 ὅπῃ
1109 2322 1323 2387 ἔτυχεν,
1359 2314 1396 2386 ἢ
1414 2315 1675 2372 τάναντία
1694 2318 1952 2389 καθάπερ

277 2400 334 2451 οι
358 2398 613 2465 πρόσθεν
641 2395 802 2468 ἡμων
830 2403 1023 2470 ἔλεγον
1052 2406 1193 2456 νοῦν
1222 2401 1313 2454 καὶ
1343 2400 1619 2470 φρόνησίν
1645 2422 1767 2456 τινα
1803 2409 1952 2455 θαυ-

275 2494 489 2548 μαστην
510 2478 926 2535 συντάττουσαν
949 2484 1350 2552 διακυβερνᾷνς

211 2573 246 2613 Ε
418 2562 588 2613 ΠΡΩ.
647 2556 830 2613 Οὐδὲν
847 2582 960 2615 των
978 2559 1191 2630 αὐτων,
1215 2563 1257 2615 ώ
1277 2561 1558 2630 θαυμάσιε
1577 2563 1884 2631 Σώκρατες.
1920 2558 1951 2614 ὂ

275 2662 377 2711 μεν
405 2638 511 2710 γὰρ
538 2639 610 2693 σύ
629 2647 737 2694 νῦν
757 2644 822 2711 δη
843 2642 1041 2709 λέγεις,
1070 2640 1203 2696 ουδ’
1229 2640 1386 2696 όσιον
1407 2640 1550 2698 εἶναί
1562 2665 1654 2711 μοι
1674 2647 1948 2710 φαίνεται·

276 2718 335 2776 τὸ
369 2722 427 2777 δὲ
458 2727 601 2776 νοῦν
631 2721 809 2776 πάντα
841 2725 1160 2793 διακοσμεῖν
1189 2720 1327 2777 αύτα
1358 2723 1531 2792 φάναι
1549 2724 1752 2793 καὶτῆς
1771 2722 1949 2788 ὅψεως

273 2808 376 2855 τοῦ
405 2803 620 2872 κόσμου
648 2802 738 2862 καὶ
758 2799 917 2871 ἡλίου
936 2804 1026 2857 καὶ
1046 2803 1276 2872 σελήνης
1292 2805 1382 2858 ’καὶ
1405 2801 1650 2867 ἀστέρων
1665 2803 1754 2858 καὶ
1772 2803 1948 2874 πάσης
