2028 3198
280 162 385 214 250
879 159 1351 225 ΠΛΑΤΩΝΟΣ
1870 165 1956 207 112

458 291 588 364 ὄφρ’
633 290 704 348 ἂν
733 291 887 360 ὕδωρ
916 314 974 347 τε
1003 291 1111 364 νάῃ
1139 294 1229 347 καὶ
1260 291 1490 359 δένδρεα
1518 289 1701 362 μακρὰ
1732 290 1956 362 τεθήλῃ,

458 373 633 430 αὐτοῦ
651 378 779 446 τῇδε
797 378 1042 445 μένουσα
1061 372 1448 429 πολυκλαύτου
1466 373 1552 428 ἐπὶ
1570 371 1786 444 τύμβου
1798 414 1813 442 ,

461 455 701 526 ἀγγελέω
721 462 984 526 παριοῦσι
1001 459 1190 519 Μίδας
1209 451 1293 509 ὅτι
1310 457 1440 525 τῇδε
1459 457 1741 508 τέθαπται.

220 549 252 590 E
284 539 370 595 ὅτι
398 538 456 594 δὲ
485 535 651 593 οὐδὲν
683 539 932 608 διαφέρει
961 534 1138 592 αὐτοῦ
1165 541 1388 604 πρῶτον
1413 531 1448 606 ἢ
1476 534 1717 591 ὕστατόν
1736 557 1787 590 τι
1804 538 1959 605 λέγε-

283 628 443 690 σθαι,
466 621 672 682 ἐννοεῖς
690 637 828 687 που,
851 615 923 682 ὡς
941 610 1163 691 ἐγῷμαι.

423 706 573 755 ΦΑΙ.
630 698 914 762 Σκώπτεις
933 696 1035 752 τὸν
1053 697 1221 767 λόγον
1238 693 1423 767 ἡμῶν,
1446 718 1488 750 ω
1496 695 1816 799 Σώκρατες.

425 787 648 839 XLVIII.
705 787 830 837 262.
889 786 1103 835 Τοῦτον
1122 800 1224 848 μεν
1241 784 1460 847 τοίνυν,
1496 780 1586 832 ’ἵνα
1604 776 1678 847 μὴ
1699 775 1771 832 σύ
1791 777 1957 850 ἄχθῃ,

283 864 559 934 ἐάσωμεν·
596 867 692 918 καί
705 884 790 917 τοι
812 861 987 932 συχνά
1005 882 1067 930 γε
1087 865 1230 930 ἔχειν
1248 881 1341 929 μοι
1364 862 1519 915 δοκεῖ
1531 862 1958 929 παραδείγματα,

284 946 421 1043 πρὸς
441 944 477 999 ἅ
495 967 574 1008 τις
591 946 809 1015 βλέπων
830 939 1060 998 ὀνίναιτ’
1086 941 1182 1011 άν,
1215 948 1499 1011 μιμεῖσθαι
1517 937 1654 994 αὐτὰ
1675 942 1960 1010 ἐπιχειρῶν

286 1025 358 1098 μὴ
391 1026 540 1081 πάνυ
567 1048 643 1080 τι·
682 1030 757 1090 εἰς
786 1025 843 1080 δε
862 1022 992 1088 τοὺς
1012 1025 1229 1091 ετέρους
1249 1022 1450 1091 λόγους
1472 1028 1657 1090 ἴωμεν.
1692 1023 1765 1091 ἠν
1782 1020 1889 1091 γάρ
1908 1042 1960 1075 τι

168 1116 255 1163 265
286 1111 343 1163 ἐν
364 1106 565 1177 αὐτοῖς,
590 1105 662 1170 ὡς
682 1110 847 1175 δοκῶ,
867 1110 1154 1176 προσῆκον
1174 1107 1312 1159 ἰδεῖν
1330 1114 1442 1167 τοῖς
1459 1105 1816 1173 βουλομένοις
1834 1104 1959 1170 περὶ

283 1189 468 1259 λόγων
488 1198 727 1243 σκοπεῖν.

424 1276 574 1324 ΦΑΙ.
634 1266 707 1324 Τό
731 1280 891 1323 ποῖον
911 1267 976 1338 δὴ
998 1269 1199 1336 λέγεις;

425 1356 549 1405 ΣΩ.
604 1348 863 1404 Ἐναντίω
883 1369 993 1403 που
1011 1346 1184 1418 ἤστην
1199 1371 1210 1381 ·
1241 1346 1269 1403 ὁ
1289 1347 1388 1418 μὲν
1407 1347 1539 1418 γάρ,
1563 1344 1635 1410 ὠς
1653 1351 1729 1417 τῷ
1747 1348 1959 1415 ἐρῶντι,

284 1431 314 1487 ὁ
338 1430 390 1486 δ’
414 1430 484 1495 ὡς
503 1438 577 1501 τῷ
597 1429 669 1501 μὴ
694 1434 775 1485 δεῖ
792 1435 1134 1499 χαρίζεσθαι,
1157 1432 1419 1500 ἐλεγέτην.

428 1519 577 1568 ΦΑΙ.
631 1512 740 1567 Καὶ
763 1509 892 1581 μάλ’
920 1509 1209 1579 ἀνδρικῶς.

424 1600 547 1650 ΣΩ.
597 1593 795 1663 Ὤιμην
820 1609 880 1646 σε
899 1590 1133 1661 τάληθὲς
1153 1594 1312 1662 ἐρεῖν,
1333 1590 1418 1646 ότι
1435 1595 1703 1661 μανικοῖς·
1725 1584 1754 1643 ὃ
1775 1589 1963 1657 μέντοι
2022 1608 2028 1658 7ζ

283 1675 538 1746 ἐζήτουν,
581 1677 726 1729 ἐστὶν
765 1671 898 1728 αὐτὸ
936 1679 1113 1728 τοῦτο.
1156 1678 1358 1744 μανίαν
1386 1673 1494 1743 γάρ
1523 1693 1646 1727 τινα
1676 1669 1963 1741 ἐφήσαμεν
2025 1710 2028 1711 ⁷

284 1757 424 1811 εἶναι
443 1757 541 1811 τὸν
572 1760 761 1827 ἔρωτα.
782 1750 819 1826 ἦ
838 1755 970 1825 γάρ;

428 1844 578 1893 ΦΑΙ.
633 1842 759 1891 Ναί.

2011 1850 2028 1911 ’ἑ

426 1924 550 1975 ΣΩ.
605 1923 828 1981 Μανίας
859 1919 921 1971 δέ
934 1938 995 1986 γε
1027 1922 1143 1988 εἴδη
1175 1917 1306 1986 δύο,
1346 1915 1447 1987 τὴν
1465 1917 1566 1986 μὲν
1585 1914 1692 1970 ὑπὸ
1714 1915 1964 1986 νοσημά-
2015 1930 2028 1983 Α,

287 2023 399 2056 των
429 1999 832 2070 ἀνθρωπίνων
872 1998 975 2068 τὴν
1006 1998 1065 2054 δε
1084 1996 1192 2052 υπὸ
1212 2002 1369 2061 θείας
1389 1999 1685 2066 ἐξαλλαγῆς
1703 2002 1817 2050 τῶν
1836 2000 1963 2050 εἰω-

285 2082 473 2138 θότων
493 2086 742 2151 νομίμων
760 2082 1107 2171 γιγνομένην.

222 2178 254 2217 Β
427 2168 577 2218 ΦΑΙ.
630 2162 796 2218 Πάνυ
815 2183 890 2229 γε,

428 2249 552 2299 ΣΩ.
627 2250 735 2314 Τῆς
776 2243 833 2297 δε
871 2247 1028 2306 θείας
1062 2243 1339 2310 τεττάρων
1374 2247 1528 2296 θεῶν
1561 2242 1790 2310 τέτταρα
1826 2242 1960 2309 μέρη

285 2324 617 2393 διελόμενοι,
657 2321 928 2393 μαντικὴν
946 2322 1047 2392 μὲν
1067 2325 1355 2377 ἐπίπνοιαν
1377 2319 1721 2385 ’Λπόλλωνος
1749 2323 1960 2386 θέντες,

284 2404 571 2460 Διονύσου
591 2404 648 2459 δὲ
665 2404 995 2475 τελεστικήν,
1015 2409 1269 2459 ἰἉουσσδν
1287 2401 1337 2458 δ’
1361 2397 1434 2457 αὖ
1448 2400 1751 2471 ποιητικήν,
1771 2399 1962 2469 τετάρ-

283 2507 385 2556 την
418 2484 476 2539 δὲ
508 2484 828 2554 Ἀφροδίτης
847 2486 939 2539 καὶ
959 2483 1198 2554 ’Ἑρωτος
1236 2481 1503 2553 ἐρωτικὴν
1532 2487 1734 2553 μανίαν
1753 2479 1962 2550 ἐφήσα-

283 2571 385 2638 μέν
401 2588 459 2621 τε
479 2565 706 2636 ἀρίστην
727 2565 890 2636 εἶναι,
922 2568 1013 2622 καὶ
1033 2564 1136 2621 οὐκ
1158 2564 1244 2621 οἶδ
1250 2563 1262 2585 ’
1289 2565 1397 2637 ὅπῃ
1416 2563 1476 2619 τὸ
1500 2561 1761 2634 ἐρωτικὸν
1781 2560 1962 2623 πάθος

285 2647 686 2716 ἀπεικάζοντες,
709 2654 840 2710 ἴσως
858 2648 959 2717 μὲν
977 2645 1227 2718 ἀληθοῦς
1244 2644 1395 2711 τινὸς
1414 2644 1804 2716 ἐφαπτόμενοι,
1824 2639 1960 2709 τάχα

285 2727 337 2783 δ’
359 2726 431 2783 ἂν
450 2732 542 2784 καὶ
563 2727 763 2783 ἄλλοσε
785 2729 1259 2799 παραφερόμενοι,
1298 2728 1626 2799 περάσαντες
1655 2721 1723 2778 οὐ
1752 2720 1960 2776 παντά-

219 2828 252 2865 C
287 2827 453 2864 πασιν
474 2809 755 2866 ἀπίθανον
775 2809 961 2880 λόγον,
983 2811 1231 2880 μυθικόν
1247 2833 1370 2866 τινα
1385 2808 1567 2878 ὕμνον
1585 2809 1959 2874 προσεπαίσα-
2026 2816 2028 2818 ’
