2028 3198
292 145 362 199 82
905 147 1370 197 ΠΛΑΤΩΝΟΣ

291 303 426 352 γους
446 282 601 351 πάθη
614 323 629 351 ,
652 280 798 350 λύπη
813 321 827 349 ,
860 279 997 334 κατὰ
1017 281 1192 349 φύσιν
1210 278 1262 337 δ’
1285 279 1319 352 ἡ
1339 282 1506 338 πάλιν
1525 280 1790 349 ἀπόδοσίς
1802 307 1863 341 τε
1882 290 1971 343 καὶ

291 367 450 428 ψῦξις
467 359 642 432 ἡδονή
649 405 658 415 .

431 447 602 498 ΠΡῼ.
657 443 824 498 Πάνυ
844 443 946 513 μὲν
965 437 1083 498 οὖν.

430 528 553 579 ΣΩ.
609 526 718 579 Καὶ
758 526 947 596 ῥίγους
981 522 1015 595 ἡ
1056 528 1157 595 μὲν
1192 525 1340 595 παρὰ
1370 526 1544 597 φύσιν
1571 535 1672 584 τοῦ
1706 530 1848 596 ζώου
1876 537 1971 602 τῆς

292 606 596 679 ὑγρότητος
619 610 773 676 πῆξις
792 607 940 677 λύπη
957 629 968 638 ·
998 607 1165 661 πάλιν
1186 605 1234 661 δ’
1262 612 1336 671 εἰς
1354 606 1559 664 ταύτὸν
1578 607 1859 667 ἀπιόντων
1878 613 1969 667 καὶ

293 691 730 759 διακρινομένων
758 687 791 759 ἡ
822 689 961 743 κατὰ
993 689 1167 759 φύσιν
1198 687 1325 753 ὁδὸς
1352 687 1543 760 ἡδονή.
1601 694 1693 748 καὶ
1724 694 1803 748 ἑνὶ
1821 695 1968 766 λόγῳ

294 769 488 827 σκόπει
507 778 560 826 εἴ
573 785 661 825 σοι
679 773 896 840 μέτριος
915 767 942 825 ὁ
964 770 1156 839 λόγος,
1188 767 1248 834 ὂς
1268 766 1340 824 ἀν
1360 777 1441 842 φῇ
1459 771 1519 825 τό
1540 774 1598 826 ἐκ
1617 779 1717 827 τοῦ
1738 776 1967 843 ἀπείρου

223 864 255 903 Β
289 853 378 907 καὶ
399 852 631 923 πέρατος
650 850 788 906 κατὰ
811 851 986 921 φύσιν
1005 856 1250 922 ἔμψυχον
1268 850 1497 922 γεγονὸς
1515 852 1674 924 εἶδος,
1695 852 1830 925 ὅπερ
1852 859 1969 910 ἔλε-

287 954 391 1003 γον
422 937 484 988 ἐν
514 940 591 1006 τῷ
610 932 861 1003 πρόσθεν
875 975 888 1001 ,
929 931 1064 986 ὅταν
1082 931 1184 1003 μὲν
1203 938 1366 988 τοῦτο
1387 940 1709 1005 φθείρηται,
1749 933 1850 1006 τὴν
1867 935 1968 1006 μὲν

288 1013 519 1086 φθορὰν
547 1014 729 1085 λύπην
760 1013 923 1084 εἶναι,
966 1014 1069 1083 τὴν
1099 1012 1150 1068 δ’
1174 1019 1248 1079 εἰς
1265 1013 1369 1086 τὴν
1388 1013 1574 1070 αὑτῶν
1593 1015 1791 1071 οὐσίαν
1809 1015 1964 1087 ὁδόν,

286 1097 493 1167 ταύτην
515 1095 566 1151 δ’
589 1090 662 1150 αὖ
682 1096 849 1151 πάλιν
868 1095 969 1165 τὴν
989 1093 1339 1166 ἀναχώρησιν
1363 1097 1589 1152 πάντων
1606 1095 1834 1168 ἡδονήν.

428 1195 599 1246 ΠΡΩ.
641 1189 846 1244 ’Ἑστω-
879 1194 1030 1245 δοκεῖ
1045 1190 1150 1259 γάρ
1171 1211 1263 1259 μοι
1280 1190 1460 1245 τύπον
1479 1192 1544 1260 γέ
1559 1212 1682 1245 τινα
1701 1195 1858 1261 ἔχειν.

430 1289 551 1340 ΣΩ.
617 1290 793 1340 Τοῦτο
826 1283 925 1354 μὲν
954 1288 1146 1337 τοίνυν
1166 1284 1228 1336 ἓν
1248 1281 1388 1346 εἶδος
1407 1282 1694 1353 τιθώμεθα
1714 1285 1891 1355 λύπης
1908 1308 1964 1340 τε

285 1368 377 1422 καὶ
394 1364 598 1437 ἡδονῆς
617 1368 675 1419 ἐν
693 1364 907 1428 τούτοις
927 1373 1038 1427 τοῖς
1057 1363 1299 1418 πάθεσιν
1320 1364 1616 1432 ἕκατέροις;

426 1463 594 1517 ΠΡῼ.
650 1463 890 1514 Κείσθω.

425 1558 604 1610 XVIII.
677 1558 801 1608 ΣΩ.
859 1558 1015 1607 Τίθει
1036 1557 1230 1607 τοίνυν
1250 1549 1416 1621 αὐτῆς
1435 1558 1529 1622 τῆς
1547 1558 1721 1623 ψυχῆς
1739 1551 1876 1608 κατὰ
1899 1552 1959 1608 τὸ
2023 1569 2028 1592 ¹

227 1649 256 1689 C
287 1634 504 1689 τούτων
537 1639 651 1688 τῶν
687 1635 1032 1704 παθημάτων
1069 1633 1429 1707 προσδόκημα
1465 1631 1525 1688 τὸ
1565 1634 1665 1704 μὲν
1703 1632 1809 1705 πρὸ
1848 1641 1960 1689 τῶν
2015 1696 2018 1699 ,

282 1713 461 1784 ἡδέων
482 1714 835 1785 ἐλπιζόμενον
853 1713 960 1786 ἡδὺ
979 1717 1069 1771 καὶ
1087 1718 1419 1787 θαρραλέον,
1440 1713 1501 1770 τὸ
1524 1716 1582 1771 δὲ
1601 1713 1705 1786 πρὸ
1729 1721 1841 1770 τῶν
1861 1722 1962 1771 λυ-

286 1803 406 1851 πῶν
426 1794 674 1867 φοβερὸν
692 1798 781 1850 καὶ
803 1795 1075 1866 ἀλγεινόν.
2012 1839 2028 2162 ρ

421 1893 591 1945 ΠΡΩ.
629 1887 781 1944 ’Ἐστι
810 1888 915 1959 γὰρ
938 1884 1044 1945 οὖν
1061 1887 1228 1945 τοῦθ’
1248 1887 1451 1961 ἡδονῆς
1470 1892 1560 1945 καὶ
1581 1890 1794 1961 λύπης
1772 1893 1959 1962 ἕτερον
2018 1924 2019 1927 ¹

284 1968 442 2039 εἶδος,
463 1967 523 2025 τὸ
545 1970 707 2041 χωρὶς
726 1976 826 2025 τοῦ
848 1970 1096 2041 σώματος
1116 1971 1283 2041 αὐτῆς
1300 1978 1395 2040 τῆς
1414 1976 1588 2042 ψυχῆς
1609 1969 1697 2026 διά
1717 1976 1959 2041 προσδο-

282 2055 402 2117 κίας
418 2051 767 2122 γιγνόμενον.
2010 2066 2015 2123 j,

420 2151 544 2202 ΣΩ.
599 2143 809 2214 Ὀρθως
828 2143 1109 2217 ὑπέλαβες.
1167 2148 1227 2202 ἐν
1245 2144 1352 2216 γὰρ
1371 2145 1587 2211 τούτοις
1606 2143 1781 2216 οἶμαι,
1821 2148 1957 2202 κατά
2026 2168 2028 2170 ’

280 2250 341 2298 γε
367 2226 472 2298 τὴν
501 2225 637 2298 ἐμὴν
658 2227 852 2298 δόξαν,
892 2230 1206 2297 εἰλικρινέσι
1224 2249 1282 2283 τε
1302 2228 1574 2297 ἑκατέροις
1592 2229 1956 2299 γιγνομένοις,

283 2307 355 2373 ὡς
375 2312 549 2379 δοκεῖ,
569 2310 661 2363 καὶ
681 2306 926 2379 ἀμίκτοις
946 2309 1123 2381 λύπης
1141 2331 1198 2366 τε
1217 2312 1309 2365 καὶ
1325 2306 1557 2380 ἡδονῆς,
1580 2309 1817 2378 ἐμφανὲς
1837 2314 1959 2364 ἔσε-

213 2406 248 2447 D
280 2398 415 2446 σθαι
449 2388 509 2445 τὸ
549 2392 673 2461 περὶ
708 2389 811 2461 τὴν
846 2388 1088 2462 ἡδονήν,
1126 2390 1363 2461 πότερον
1401 2388 1534 2445 ὅλον
1569 2390 1678 2445 ἐστὶ
1706 2387 1768 2444 τὸ
1797 2391 1959 2459 γένος
1995 2391 2028 2617 3

280 2470 565 2528 ἀσπαστόν
581 2514 596 2543 ,
631 2468 669 2542 ἦ
697 2477 860 2528 τοῦτο
893 2473 995 2544 μὲν
1014 2475 1176 2548 ἑτέρῳ
1197 2480 1310 2529 τῶν
1328 2475 1745 2542 προειρημένων
1763 2473 1958 2526 δοτέον

278 2551 409 2625 ἡμῖν
419 2559 618 2625 γενῶν,
632 2550 805 2626 ἡδονῇ
823 2557 882 2609 δὲ
893 2557 984 2610 καὶ
997 2555 1162 2628 λύπῃ,
1176 2554 1433 2625 καθάπερ
1449 2557 1643 2626 θερμῷ
1659 2554 1751 2607 καὶ
1763 2557 1956 2624 ψυχρῷ
2019 2582 2028 2625 4

280 2637 368 2692 καὶ.
400 2641 534 2690 πᾶσι
562 2644 676 2699 τοῖς
707 2633 1005 2707 τοιούτοις,
1043 2635 1164 2692 τοτὲ
1180 2635 1281 2707 μὲν
1301 2633 1611 2691 ἀσπαστέον
1630 2631 1796 2701 αὐτοὶ,
1835 2632 1957 2686 τοτὲ
2000 2629 2013 2671 ἶ

281 2717 340 2774 δὲ
359 2715 462 2773 οὐκ
483 2715 817 2787 ἀσπαστέον,
860 2714 930 2782 ὡς
949 2715 1136 2787 ἀγαθὰ
1155 2717 1257 2788 μὲν
1277 2715 1381 2772 οὐκ
1400 2715 1562 2784 ὄντα,
1593 2717 1766 2768 ἐνίοτε
1786 2714 1950 2769 δὲκαὶ
2007 2754 2019 2778 Α,

279 2802 396 2853 ἔνια
417 2796 680 2869 δεχόμενα
698 2795 802 2868 τὴν
821 2803 936 2853 τῶν
955 2796 1190 2867 ἀγαθοῖν
1205 2804 1353 2855 ἔστιν
1375 2795 1466 2852 ὅτε
1485 2794 1670 2866 φύσιν.
1987 2787 2018 3068 Ι
