2028 3198
220 127 325 178 262
818 125 1297 173 HAATfflvoz
1812 135 1895 178 124

222 264 281 315 ἓν
302 261 533 316 ἕκαστον
553 256 1006 329 περιλαμβάνειν,
1038 255 1109 312 οὔ
1127 255 1250 312 ποτ’
1281 262 1432 313 ἔσται
1450 258 1691 329 τεχνικὸς
1711 259 1896 329 λόγων

221 346 342 409 πέρι
374 337 506 395 καθ’
537 337 674 395 ὅσον
705 337 948 394 δυνατὸν
975 336 1273 413 ἀνθρώπῳ.
1314 346 1486 396 ταῦτα
1506 344 1564 396 δὲ
1585 339 1652 397 οὐ
1671 340 1746 412 μή
1766 361 1895 396 ποτε

219 423 481 493 κτήσηται
519 419 656 475 ἄνευ
691 426 895 492 πολλῆς
930 426 1322 491 πραγματείας·
1361 419 1433 492 ἣν
1464 419 1564 492 οὐχ
1602 423 1758 478 ἕνεκα
1794 427 1896 477 τοῦ

221 505 400 572 λέγειν
429 503 520 557 καὶ
551 501 808 571 πράττειν
845 499 984 573 πρὸς
1020 500 1361 572 ἀνθρώπους
1396 507 1482 559 δεῖ
1511 507 1897 560 διαπονεῖσθαι

219 583 319 641 τὸν
340 585 625 656 σώφρονα,
649 582 787 639 ἀλλὰ
805 589 904 639 τοῦ
923 592 1076 649 θεοῖς
1096 588 1456 656 κεχαρισμένα
1475 587 1576 657 μὲν
1596 590 1774 656 λέγειν
1794 586 1896 642 δύ-

219 674 453 736 νασθαι,
492 666 895 738 κεχαρισμένως
925 668 984 720 δὲ
1010 666 1271 736 πράττειν
1301 664 1361 722 τὸ
1395 673 1506 722 πᾶν
1535 673 1609 733 εἰς
1640 669 1893 739 δύναμιν.

221 745 289 802 οὐ
310 745 415 817 γάρ
437 745 501 816 δὴ
525 746 659 818 ἄρα,
693 741 736 803 ὦ
762 753 945 815 Τισία,
968 749 1139 818 φασὶν
1159 751 1215 803 οἰ
1231 749 1538 818 σοφώτεροι
1557 747 1741 821 ἡμῶν,
1763 749 1896 820 ὁμο-

105 837 192 886 274
220 829 441 893 δούλοις
471 833 552 884 δεῖ
577 833 893 899 χαρίζεσθαι
914 835 1148 902 μελετᾷν
1164 828 1265 885 τὸν
1287 837 1430 886 νοῦν
1449 835 1669 903 ἔχοντα,
1691 831 1724 888 ὅ
1741 855 1792 888 τι
1823 831 1894 903 μὴ

218 909 527 980 πάρεργον,
566 908 706 964 ἀλλά
746 911 1032 975 δεσπόταις
1068 908 1301 980 ἀγαθοῖς
1337 934 1394 966 τε
1429 913 1519 967 καὶ
1555 915 1608 978 ἐξ
1638 911 1894 983 ἀγαθῶν·

221 988 349 1045 ὥστ’
386 995 435 1045 εἰ
461 989 696 1061 μακράἡ
728 994 1007 1060 περίοδος,
1044 991 1116 1062 μὴ
1148 992 1469 1065 θαυμάσῃς·
1508 992 1764 1063 μεγάλων
1790 993 1895 1063 γὰρ

220 1071 382 1127 ἕνεκα
412 1074 713 1142 περιιτέον,
752 1070 853 1142 οὐχ
886 1071 957 1137 ὡς
988 1071 1059 1127 σὺ
1088 1077 1278 1138 δοκεῖς.
1316 1077 1465 1128 ἔσται
1483 1074 1621 1145 μήν,
1660 1072 1778 1139 ὡςὸ
1801 1074 1896 1130 λό-

219 1174 317 1224 γος
337 1158 533 1223 φησίν,
569 1154 667 1208 ε’άν
687 1176 766 1219 τις
790 1156 984 1226 ἐθέλῃ,
1015 1155 1107 1209 καὶ
1125 1160 1297 1208 ταῦτα
1318 1154 1578 1210 κάλλιστα
1597 1158 1650 1220 ἐξ
1671 1158 1897 1211 ἐκείνων

216 1233 530 1304 γιγνόμενα.

361 1321 510 1371 ΦΑΙ.
560 1315 868 1386 Παγκάλως
888 1320 1071 1387 ἔμοιγε
1093 1321 1246 1373 δοκεῖ
1262 1321 1550 1389 λέγεσθαι,
1593 1311 1638 1372 c5
1658 1319 1894 1388 Σωκρα-

217 1417 332 1465 τες,
355 1404 505 1467 εἴπερ
527 1394 640 1462 οἷός
659 1402 716 1452 τέ
734 1421 814 1462 τις
835 1407 932 1470 εἴη.
1207 1391 1212 1394 ’

360 1483 482 1533 ΣΩ.
533 1477 693 1535 Ἀλλά
724 1481 814 1535 καὶ
853 1482 1220 1551 ε’πιχειροῦντί
1251 1503 1335 1536 τοι
1363 1493 1474 1545 τοῖς
1511 1489 1692 1546 καλοῖς
1724 1481 1895 1538 καλὸν

157 1578 186 1617 Β
218 1559 309 1614 καὶ
329 1559 557 1630 πάσχειν
576 1558 609 1615 δ’
629 1583 677 1615 τι
697 1559 770 1615 ἄν
789 1583 863 1633 τῳ
885 1567 1065 1635 ξυμβῇ
1085 1570 1301 1618 παθεῖν.

362 1647 510 1696 ΦΑΙ.
566 1644 673 1696 Καὶ
693 1642 854 1712 μάλα.

359 1729 484 1778 ΣΩ,
545 1722 772 1779 Οὐκοῦν
795 1723 856 1780 τὸ
888 1723 988 1795 μὲν
1017 1727 1205 1795 τέχνης
1236 1746 1293 1780 τε
1324 1726 1412 1781 καὶ
1442 1722 1688 1796 ἀτεχνίας
1717 1725 1893 1796 λόγων

219 1805 343 1872 πέρι
364 1807 564 1869 ἱκανῶς
582 1806 757 1874 ἐχέτω.
823 1846 825 1849 s

360 1891 509 1939 ΦΑΙ.
574 1892 643 1940 Τί
653 1887 790 1956 μήν;

359 1972 483 2022 ΣΩ.
541 1966 614 2023 To
657 1966 710 2023 ὁ’
738 1966 1072 2039 εὐπρεπείας
1100 1968 1164 2066 δή
1196 1977 1415 2070 γραφῆς
1445 1973 1568 2039 πέρι
1598 1973 1687 2025 καὶ
1725 1969 1893 2040 ἀπρε-

220 2055 399 2119 πείας,
441 2070 516 2120 πη
552 2050 887 2121 γιγνόμενον
918 2057 1099 2115 καλως
1127 2047 1199 2106 α“ν
1229 2055 1338 2120 ἔχοι
1368 2051 1458 2106 καὶ
1490 2050 1598 2120 ὅπη
1619 2049 1890 2121 ἀπρεπως,

220 2129 429 2185 λοιπόν.
459 2132 493 2198 ἠ
514 2129 646 2200 γάρ;

361 2215 509 2265 ΦΑΙ.
568 2217 690 2267 Ναί.

357 2298 485 2347 LIX.
557 2299 679 2349 ΣΩ.
741 2292 908 2349 Οἶσθ’
944 2289 1047 2350 οὖν
1077 2293 1183 2367 ὅπῃ
1214 2295 1444 2365 μάλιστα
1466 2301 1583 2368 θεῷ
1611 2308 1788 2365 χαριεῖ
1800 2295 1894 2351 λό-

220 2393 336 2440 γων
355 2375 479 2440 πέρι
499 2375 756 2445 πράττων
774 2373 810 2447 ἦ
829 2378 1030 2447 λέγων;

361 2460 510 2509 ΦΑΙ.
570 2456 865 2528 Οὐδαμως·
892 2456 962 2513 σὺ
984 2461 1070 2524 ὃέ;

158 2560 189 2600 (3
359 2542 482 2591 ΣΩ.
530 2535 730 2609 Ἀκοην
747 2538 802 2609 γ’
827 2545 929 2610 ἔχω
953 2545 1132 2610 λέγειν
1150 2562 1262 2596 των
1281 2539 1661 2611 προτέρων.τό
1688 2542 1739 2595 δ’
1762 2539 1893 2611 ἀλη-

217 2618 316 2683 θες
336 2617 490 2674 αὐτοὶ
511 2626 709 2676 ἰσασιν.
753 2627 803 2677 εἰ
819 2623 878 2678 δε
900 2629 1064 2678 τοῦτο
1087 2621 1347 2693 εὕροιμεν
1378 2621 1559 2690 αὐτοί,
1599 2617 1706 2690 ἀρά
1735 2620 1789 2692 γ’
1823 2644 1890 2676 αν

217 2698 305 2754 ἔθ’
328 2698 460 2770 ἡμῖν
479 2703 631 2770 μέλοι
651 2726 701 2758 τι
719 2726 831 2758 των
851 2700 1228 2773 ἀνθρωπίνων
1254 2705 1637 2776 δοξασμάτων;
