2028 3198
277 131 380 184 184
879 157 1351 208 ΠΛΑΤῼΝΟΣ
1883 168 1940 214 43

275 268 501 333 ἐκείνοις
547 266 616 345 ‘3⁰
635 289 812 347 ἄλλου
848 288 1109 359 ἄγεσθαι,
1147 288 1455 362 ἀρχόμενον
1490 291 1596 349 ἀπὸ
1625 297 1800 349 τωνδε
1827 301 1939 349 τῶν

273 347 539 403 τοιαῦτα’

484 379 699 429 ἐκείνου
733 374 894 427 ἕνεκα
930 377 1033 426 τοῦ
1068 378 1243 428 καλοῦ
1282 371 1367 429 ἀεὶ
1406 376 1710 444 ἐπανιέναι,
1754 374 1938 445 ω’σπερ

273 436 680 526 κατ’Ἑαβαθμοῖἰς
697 454 1012 525 χρώμενον,
1049 452 1155 510 ἀπὸ
1176 454 1300 521 ἐνὸς
1323 457 1409 512 ἐπὶ
1429 455 1528 512 δύο
1546 460 1637 513 καὶ
1656 455 1764 513 ἀπὸ
1787 461 1940 513 δυεῖν

270 532 353 592 κπὶ
372 537 555 592 πάντα
574 535 640 592 τὰ
660 533 801 591 καλα
824 534 1074 606 σώματα,
1095 539 1184 592 καὶ
1204 536 1312 593 ἀπὸ
1333 561 1446 594 των
1464 547 1650 596 καλῶν
1669 541 1938 611 σωμάτων

262 620 350 674 ἐπὶ
364 617 430 674 τά
450 619 590 675 καλά
610 618 1033 689 ἐπιτηδεύματα,
1070 620 1160 673 καὶ
1180 617 1288 675 ἀπὸ
1317 626 1430 675 τῶν
1447 627 1635 677 καλῶν
1654 625 1939 693 ἐπιτηδευ-

265 701 454 772 μάτων
484 704 570 758 ἐπὶ
598 699 663 756 τὰ
694 698 834 756 καλά
853 699 1178 771 μαθήματα,
1218 701 1320 764 ἕως
1339 698 1444 756 ἀπὸ
1465 709 1578 757 τῶν
1596 704 1939 775 μαθημάτων

265 783 352 839 ἐπ’
373 787 548 839 ἐκεῖνο
573 781 634 838 τὸ
656 781 888 853 μάθημα
907 781 1221 854 τελευτήσῃ,
1243 780 1278 836 ὅ
1297 784 1442 838 ἐστιν
1462 782 1564 840 οὐκ
1586 784 1761 841 ἄλλου
1779 782 1815 856 ἢ
1838 783 1939 840 αὐ-

263 872 364 921 τοῦ
383 868 600 922 ἐκείνου
629 870 730 919 τοῦ
752 869 931 918 καλοῦ
947 861 1207 934 μάθημα,
1245 865 1337 919 καὶ
1360 871 1478 937 γνῷ
1506 864 1639 922 αὐτὸ
1669 873 1940 922 τελευτῶν

200 960 236 1000 D
267 945 298 1004 ὃ
321 953 433 1004 ἔστι
453 949 639 1003 καλόν.
671 949 917 1013 ἐνταῦθα
934 950 1035 999 τοῦ
1053 949 1204 1015 βίου,
1244 938 1290 999 ὦ
1318 951 1443 1015 φίλε
1472 948 1794 1020 Σώκρατες,
1835 953 1939 1018 ἔφη

262 1028 295 1100 ἡ
322 1027 638 1098 Μαντινικὴ
661 1031 785 1098 ξένη
801 1070 815 1095 ,
853 1035 1006 1095 εἴπερ
1036 1046 1146 1081 που
1165 1024 1392 1101 ἄλλοθι,
1411 1027 1616 1099 βιωτὸν
1633 1029 1938 1103 ἀνθρώπῳ,

263 1113 532 1184 θεωμένῳ
555 1109 690 1165 αὐτὸ
712 1109 772 1164 τὸ
791 1108 978 1164 καλόν.
1020 1106 1053 1163 ὃ
1072 1108 1168 1164 ἐάν
1198 1128 1330 1163 ποτε
1357 1113 1501 1182 ἴδῃς,
1540 1108 1608 1165 οὐ
1637 1111 1774 1167 κατὰ
1804 1134 1940 1182 χρυ-

264 1199 386 1249 σίον
414 1215 472 1248 τε
503 1195 593 1248 καὶ
620 1195 827 1262 ἐσθῆτα
857 1192 947 1246 καὶ
974 1188 1103 1255 τοὺς
1132 1188 1335 1254 καλούς
1354 1191 1551 1256 παῖδάς
1569 1214 1626 1246 τε
1645 1195 1736 1248 καὶ
1755 1200 1941 1248 νεανί-

263 1293 432 1340 σκους
453 1276 598 1341 δόξει
616 1293 703 1330 σοι
724 1274 889 1344 εἶναι,
920 1271 1018 1337 οὓς
1037 1279 1146 1327 νῦν
1174 1269 1324 1341 ὁρῶν
1344 1274 1670 1371 ἐκπέπληξαι
1687 1276 1778 1329 καὶ
1798 1297 1941 1330 ετοι-

263 1380 364 1428 μσς
402 1357 452 1414 εἶ
476 1359 568 1414 καὶ
590 1375 660 1412 συ
690 1361 781 1413 καὶ
811 1356 969 1412 ἄλλοι
996 1360 1215 1422 πολλοί,
1255 1354 1493 1423 ὁρῶντες
1519 1353 1585 1410 τὰ
1606 1355 1830 1412 παιδικα
1851 1359 1939 1412 καὶ

262 1440 520 1506 ξυνόντες
540 1438 624 1496 ἀεὶ
645 1437 856 1510 αὐτοις,
891 1448 943 1495 εἴ
967 1460 1082 1503 πως
1103 1433 1221 1492 οἷόν
1238 1434 1289 1491 τ’
1309 1437 1406 1506 ἠν,
1429 1437 1563 1507 μήτε
1581 1441 1789 1494 ἐσθίειν
1807 1441 1939 1510 μήτε

262 1527 469 1590 πίνειν,
508 1520 646 1578 ἀλλὰ
675 1528 920 1578 θεᾶσθαι
941 1522 1118 1592 μόνον
1136 1520 1227 1574 καὶ
1246 1521 1501 1583 ξυνεῖναι.
1542 1542 1592 1574 τι
1585 1524 1775 1591 ’δῆτα,
1814 1525 1936 1591 ἔφη,

203 1613 236 1654 Ε
265 1604 530 1674 οἰόμεθα,
572 1612 626 1660 εἴ
655 1626 729 1677 τῳ
767 1606 981 1674 γένοιτο
1010 1600 1144 1658 αὐτὸ
1183 1600 1244 1656 τό
1274 1597 1450 1655 καλὸν
1479 1605 1616 1657 ἰδεῖν
1637 1606 1936 1671 εἰλικρινές,

263 1684 534 1757 καθαρόν,
555 1684 803 1756 ἄμικτον,
828 1684 963 1742 ἀλλὰ
986 1684 1056 1757 μὴ
1080 1683 1373 1740 ἀνάπλεων
1391 1689 1614 1752 σαρκῶν
1632 1706 1690 1739 τε
1711 1683 1938 1753 ἀνθρω-

263 1773 443 1823 πίνων
465 1770 556 1823 καὶ
572 1769 876 1840 χρωμάτων
896 1771 986 1824 καὶ
1007 1766 1175 1838 ἄλλης
1196 1772 1399 1836 πολλῆς
1419 1771 1692 1839 φλυαρίας
1708 1773 1935 1837 θνητῆς,

264 1847 384 1903 ἀλλ’
426 1847 560 1903 αὐτὸ
597 1849 658 1904 τὸ
698 1858 859 1906 θεῖον
896 1850 1070 1907 καλὸν
1101 1849 1326 1904 δύναιτο
1359 1847 1637 1918 μονοειδὲς
1668 1853 1936 1915 κατιδεῖν;

146 1942 233 1986 212
263 1924 356 1998 ἀρ’
378 1937 509 2001 οἰέι,
550 1935 683 2002 ἔφη,
726 1940 947 2001 φαῦλον
978 1937 1101 2003 βίον
1128 1936 1422 2000 γίγνεσθαι
1453 1933 1623 1986 ἐκεῖσε
1641 1935 1939 2001 βλέποντος

265 2010 574 2082 ἀνθρώπου
592 2015 683 2069 καὶ
702 2017 878 2069 ἐκεῖνο
897 2007 1048 2088 ᾦφδεῖ
1062 2014 1352 2082 θεωμένου
1370 2012 1460 2066 καὶ
1480 2012 1742 2077 ξυνόντος
1761 2013 1938 2084 αὐτῷ,

261 2091 298 2166 ἢ
319 2093 422 2150 οὐκ
442 2097 688 2165 ἐνθυμεῖ,
710 2098 842 2166 ἔφη,
881 2095 966 2151 ὅτι
995 2097 1239 2150 ἐνταῦθα
1270 2090 1416 2165 αὐτῷ
1446 2101 1692 2164 μοναχοῦ
1709 2096 1938 2166 γενήσε-

262 2199 378 2245 ται,
410 2175 612 2247 ὁρῶντι
633 2170 680 2252 ᾦ
707 2173 912 2248 ὁρατὸν
929 2175 989 2233 τὸ
1010 2177 1213 2246 καλόν,
1249 2179 1448 2230 τίκτειν
1468 2172 1571 2230 οὐκ
1593 2180 1789 2232 εἴδωλα
1811 2176 1939 2244 ἀρε-

260 2265 380 2328 τῆς,
421 2256 514 2313 ἅτε
534 2256 646 2314 οὐκ
661 2259 894 2315 εἰδώλου
912 2260 1299 2331 ἐφαπτομένῳ,
1338 2255 1461 2313 ἀλλ’
1483 2257 1695 2329 ἀληθῆ,
1726 2257 1818 2314 ἅτε
1838 2265 1939 2313 τοῦ

261 2339 510 2410 ἀληθοῦς
532 2344 889 2416 ἐφαπτομένῳ
906 2365 916 2375 ·
953 2343 1167 2399 τεκόντι
1191 2342 1250 2398 δὲ
1267 2339 1471 2413 ἀρετὴν
1488 2340 1671 2413 ἀληθῆ
1693 2343 1784 2397 καὶ
1800 2349 1939 2409 θρε-

260 2425 486 2495 ψαμένῳ
516 2420 747 2494 ὑπάρχει
775 2432 1033 2495 θεοφιλεῖ
1057 2427 1346 2496 γενέσθαι,
1384 2425 1475 2479 καὶ
1505 2431 1656 2494 εἴπερ
1685 2445 1760 2495 τῳ
1792 2421 1935 2494 ἄλλῳ

206 2519 236 2559 Β
268 2501 588 2574 ἀνθρώπων
607 2504 870 2579 ἀθανάτῳ
893 2509 983 2563 καὶ
1002 2509 1221 2580 ἐκείνῳ;
1240 2540 1310 2548 —-
1336 2512 1520 2561 Ταῦτα
1541 2506 1637 2577 δή,
1669 2499 1714 2560 οῗ
1736 2506 1938 2573 Φαΐδρέ

263 2607 321 2641 τε
339 2587 430 2641 καὶ
450 2588 507 2641 οἶ
521 2585 701 2657 ἄλλοι,
740 2593 844 2659 ἔφη
866 2589 968 2660 μὲν
985 2594 1248 2658 Διοτίμα,
1289 2591 1579 2657 πέπεισμαι
1598 2585 1654 2641 δ’
1674 2585 1780 2656 ἐγώ
1794 2605 1805 2616 ·
1838 2604 1934 2638 πεω-

265 2670 554 2739 πεισμένος
584 2668 642 2724 δὲ
662 2677 932 2740 πειρῶμαι
950 2673 1041 2727 καὶ
1060 2669 1188 2735 τοὺς
1209 2668 1410 2734 ἄλλους
1427 2674 1668 2738 πείθειν,
1701 2666 1785 2722 ὅτι
1803 2668 1902 2722 τού
1916 2702 1935 2709 -

264 2772 364 2805 του
391 2757 494 2806 τοῦ
522 2750 792 2822 κτήματος
819 2758 884 2823 τῇ
910 2751 1232 2826 ἀνθρωπεία
1255 2749 1420 2822 φύσει
1437 2747 1711 2820 συνεργὸν
1728 2746 1933 2819 ἀμείνω

252 2832 486 2901 Ἔρωτος
505 2830 606 2889 οὐκ
637 2831 709 2888 ἄν
737 2855 817 2898 τις
844 2836 1044 2906 ῥᾳδίως
1063 2836 1238 2905 λάβοι.
1268 2834 1352 2889 διὸ
1373 2831 1439 2902 δὴ
1458 2832 1630 2901 ἔγωγέ
1643 2852 1784 2902 φημι
1799 2838 1933 2902 χρῆ-
