<?xml version="1.0" encoding="UTF-8"?>
<!DOCTYPE html PUBLIC "-//W3C//DTD XHTML 1.0 Transitional//EN"
    "http://www.w3.org/TR/xhtml1/DTD/xhtml1-transitional.dtd">
<html xmlns="http://www.w3.org/1999/xhtml" xml:lang="en" lang="en">
 <head>
  <title>
</title>
<meta http-equiv="Content-Type" content="text/html;charset=utf-8" />
  <meta name='ocr-system' content='tesseract 3.04.00' />
  <meta name='ocr-capabilities' content='ocr_page ocr_carea ocr_par ocr_line ocrx_word'/>
</head>
<body>
  <div class='ocr_page' id='page_1' title='image "./dialogisecumdumt02platuoft_0236.png"; bbox 0 0 2028 3198; ppageno 0'>
   <div class='ocr_carea' id='block_1_1' title="bbox 231 105 1915 186">
    <p class='ocr_par' dir='ltr' id='par_1_1' title="bbox 231 105 1915 186">
     <span class='ocr_line' id='line_1_1' title="bbox 231 105 1915 186; baseline 0.002 -3"><span class='ocrx_word' id='word_1_1' title='bbox 231 133 334 184; x_wconf 76' lang='lat'><strong><em>206</em></strong></span> <span class='ocrx_word' id='word_1_2' title='bbox 836 135 1006 180; x_wconf 85' lang='lat' dir='ltr'><strong><em>HAA</em></strong></span> <span class='ocrx_word' id='word_1_3' title='bbox 1024 134 1305 183; x_wconf 73' lang='grc' dir='ltr'><strong><em>ΤΩΝοΣ</em></strong></span> <span class='ocrx_word' id='word_1_4' title='bbox 1731 105 1733 107; x_wconf 50' lang='grc'><strong>’</strong></span> <span class='ocrx_word' id='word_1_5' title='bbox 1852 143 1915 186; x_wconf 71' lang='grc' dir='ltr'><strong><em>εει</em></strong></span> 
     </span>
    </p>
   </div>
   <div class='ocr_carea' id='block_1_2' title="bbox 162 266 2028 2885">
    <p class='ocr_par' dir='ltr' id='par_1_2' title="bbox 229 266 1913 665">
     <span class='ocr_line' id='line_1_2' title="bbox 231 266 1909 363; baseline 0.002 -42"><span class='ocrx_word' id='word_1_6' title='bbox 231 290 281 321; x_wconf 90' lang='grc' dir='ltr'><strong><em>τι</em></strong></span> <span class='ocrx_word' id='word_1_7' title='bbox 308 273 513 337; x_wconf 87' lang='grc' dir='ltr'><strong><em>θηρίον</em></strong></span> <span class='ocrx_word' id='word_1_8' title='bbox 543 266 796 335; x_wconf 80' lang='grc' dir='ltr'><em>τυγχάνω</em></span> <span class='ocrx_word' id='word_1_9' title='bbox 822 270 1092 363; x_wconf 55' lang='grc' dir='ltr'><strong><em>Τυφοῖνος</em></strong></span> <span class='ocrx_word' id='word_1_10' title='bbox 1122 268 1620 338; x_wconf 77' lang='grc' dir='ltr'><strong><em>πολυπλοκώτερον</em></strong></span> <span class='ocrx_word' id='word_1_11' title='bbox 1648 270 1737 324; x_wconf 85' lang='grc' dir='ltr'><strong><em>καὶ</em></strong></span> <span class='ocrx_word' id='word_1_12' title='bbox 1767 275 1909 339; x_wconf 77' lang='grc' dir='ltr'><strong><em>μᾶλ-</em></strong></span> 
     </span>
     <span class='ocr_line' id='line_1_3' title="bbox 233 345 1913 422; baseline 0.002 -19"><span class='ocrx_word' id='word_1_13' title='bbox 233 356 333 403; x_wconf 86' lang='grc' dir='ltr'><strong><em>λον</em></strong></span> <span class='ocrx_word' id='word_1_14' title='bbox 353 348 816 418; x_wconf 81' lang='grc' dir='ltr'><strong><em>ἐπιτεθυμμένον,</em></strong></span> <span class='ocrx_word' id='word_1_15' title='bbox 847 355 954 403; x_wconf 81' lang='grc' dir='ltr'><strong><em>εἴτε</em></strong></span> <span class='ocrx_word' id='word_1_16' title='bbox 973 345 1323 419; x_wconf 78' lang='grc' dir='ltr'><strong><em>ἡμερώτερόν</em></strong></span> <span class='ocrx_word' id='word_1_17' title='bbox 1342 371 1397 404; x_wconf 89' lang='grc' dir='ltr'><strong><em>τε</em></strong></span> <span class='ocrx_word' id='word_1_18' title='bbox 1418 351 1507 405; x_wconf 82' lang='grc' dir='ltr'><strong><em>καὶ</em></strong></span> <span class='ocrx_word' id='word_1_19' title='bbox 1527 347 1913 422; x_wconf 77' lang='grc' dir='ltr'><strong><em>ἁπλούστερον</em></strong></span> 
     </span>
     <span class='ocr_line' id='line_1_4' title="bbox 231 427 1907 529; baseline 0.002 -45"><span class='ocrx_word' id='word_1_20' title='bbox 231 436 386 500; x_wconf 83' lang='grc' dir='ltr'><strong><em>ζωον,</em></strong></span> <span class='ocrx_word' id='word_1_21' title='bbox 407 434 563 493; x_wconf 82' lang='grc' dir='ltr'><strong><em>θείας</em></strong></span> <span class='ocrx_word' id='word_1_22' title='bbox 577 428 727 494; x_wconf 81' lang='grc' dir='ltr'><strong><em>τινὸς</em></strong></span> <span class='ocrx_word' id='word_1_23' title='bbox 744 432 832 486; x_wconf 87' lang='grc' dir='ltr'><strong><em>καὶ</em></strong></span> <span class='ocrx_word' id='word_1_24' title='bbox 852 427 1069 500; x_wconf 81' lang='grc' dir='ltr'><strong><em>ἀτύφου</em></strong></span> <span class='ocrx_word' id='word_1_25' title='bbox 1086 435 1280 500; x_wconf 81' lang='grc' dir='ltr'><strong><em>μοίρας</em></strong></span> <span class='ocrx_word' id='word_1_26' title='bbox 1297 430 1460 529; x_wconf 80' lang='grc' dir='ltr'><strong><em>φύσει</em></strong></span> <span class='ocrx_word' id='word_1_27' title='bbox 1477 435 1713 529; x_wconf 85' lang='grc' dir='ltr'><strong><em>μετέχον.</em></strong></span> <span class='ocrx_word' id='word_1_28' title='bbox 1751 429 1907 501; x_wconf 76' lang='grc' dir='ltr'><strong><em>ἀτάρ,</em></strong></span> 
     </span>
     <span class='ocr_line' id='line_1_5' title="bbox 232 507 1909 585; baseline 0.002 -19"><span class='ocrx_word' id='word_1_29' title='bbox 232 515 273 566; x_wconf 64' lang='lat' dir='ltr'><strong><em>a}</em></strong></span> <span class='ocrx_word' id='word_1_30' title='bbox 294 512 496 582; x_wconf 81' lang='grc' dir='ltr'><strong><em>ἑταῖρε,</em></strong></span> <span class='ocrx_word' id='word_1_31' title='bbox 537 511 738 582; x_wconf 83' lang='grc' dir='ltr'><strong><em>μεταξυ</em></strong></span> <span class='ocrx_word' id='word_1_32' title='bbox 761 518 873 566; x_wconf 79' lang='grc' dir='ltr'><strong><em>τῶν</em></strong></span> <span class='ocrx_word' id='word_1_33' title='bbox 891 511 1103 582; x_wconf 88' lang='grc' dir='ltr'><strong><em>λόγων,</em></strong></span> <span class='ocrx_word' id='word_1_34' title='bbox 1137 509 1228 582; x_wconf 76' lang='grc' dir='ltr'><strong><em>ἄρ’</em></strong></span> <span class='ocrx_word' id='word_1_35' title='bbox 1253 510 1320 567; x_wconf 80' lang='grc' dir='ltr'><strong><em>οὐ</em></strong></span> <span class='ocrx_word' id='word_1_36' title='bbox 1338 513 1465 568; x_wconf 89' lang='grc' dir='ltr'><strong><em>τόδε</em></strong></span> <span class='ocrx_word' id='word_1_37' title='bbox 1484 507 1555 584; x_wconf 80' lang='grc' dir='ltr'><strong><em>ἦν</em></strong></span> <span class='ocrx_word' id='word_1_38' title='bbox 1575 514 1632 568; x_wconf 90' lang='grc' dir='ltr'><strong><em>τὸ</em></strong></span> <span class='ocrx_word' id='word_1_39' title='bbox 1655 516 1909 585; x_wconf 79' lang='grc' dir='ltr'><strong><em>δένδρον,</em></strong></span> 
     </span>
     <span class='ocr_line' id='line_1_6' title="bbox 229 591 821 665; baseline -0.008 -1"><span class='ocrx_word' id='word_1_40' title='bbox 229 591 319 664; x_wconf 81' lang='grc' dir='ltr'><strong><em>ἐφ’</em></strong></span> <span class='ocrx_word' id='word_1_41' title='bbox 347 591 483 662; x_wconf 70' lang='grc' dir='ltr'><strong><em>ὅπερ</em></strong></span> <span class='ocrx_word' id='word_1_42' title='bbox 504 592 821 665; x_wconf 74' lang='grc' dir='ltr'><strong><em>ἡνεςὴμᾶς;</em></strong></span> 
     </span>
    </p>

    <p class='ocr_par' dir='ltr' id='par_1_3' title="bbox 174 670 1176 748">
     <span class='ocr_line' id='line_1_7' title="bbox 174 670 1176 748; baseline -0.005 -14"><span class='ocrx_word' id='word_1_43' title='bbox 174 693 202 734; x_wconf 91' lang='grc' dir='ltr'>Β</span> <span class='ocrx_word' id='word_1_44' title='bbox 374 682 522 732; x_wconf 90' lang='grc' dir='ltr'><strong><em>ΦΑΙ.</em></strong></span> <span class='ocrx_word' id='word_1_45' title='bbox 588 683 763 732; x_wconf 85' lang='grc' dir='ltr'><strong><em>Τοῦτο</em></strong></span> <span class='ocrx_word' id='word_1_46' title='bbox 781 700 883 748; x_wconf 88' lang='grc' dir='ltr'><strong><em>μεν</em></strong></span> <span class='ocrx_word' id='word_1_47' title='bbox 902 670 1007 732; x_wconf 78' lang='grc' dir='ltr'><strong><em>οὖν</em></strong></span> <span class='ocrx_word' id='word_1_48' title='bbox 1026 673 1176 731; x_wconf 81' lang='grc' dir='ltr'><strong><em>αὐτό.</em></strong></span> 
     </span>
    </p>

    <p class='ocr_par' dir='ltr' id='par_1_4' title="bbox 229 754 1909 1324">
     <span class='ocr_line' id='line_1_8' title="bbox 371 754 1909 831; baseline -0.001 -16"><span class='ocrx_word' id='word_1_49' title='bbox 371 765 434 815; x_wconf 90' lang='lat' dir='ltr'><strong><em>V.</em></strong></span> <span class='ocrx_word' id='word_1_50' title='bbox 508 765 631 814; x_wconf 78' lang='grc' dir='ltr'><strong><em>Σῼ.</em></strong></span> <span class='ocrx_word' id='word_1_51' title='bbox 685 759 774 831; x_wconf 81' lang='grc' dir='ltr'><strong><em>Νὴ</em></strong></span> <span class='ocrx_word' id='word_1_52' title='bbox 797 759 897 831; x_wconf 86' lang='grc' dir='ltr'><strong><em>τὴν</em></strong></span> <span class='ocrx_word' id='word_1_53' title='bbox 913 758 1120 829; x_wconf 60' lang='grc' dir='ltr'><strong><em>’Ήραν,</em></strong></span> <span class='ocrx_word' id='word_1_54' title='bbox 1143 756 1283 827; x_wconf 90' lang='grc' dir='ltr'><strong><em>καλή</em></strong></span> <span class='ocrx_word' id='word_1_55' title='bbox 1301 754 1414 827; x_wconf 80' lang='grc' dir='ltr'><strong><em>γεὴ</em></strong></span> <span class='ocrx_word' id='word_1_56' title='bbox 1436 757 1736 827; x_wconf 86' lang='grc' dir='ltr'><strong><em>καταγωγή.</em></strong></span> <span class='ocrx_word' id='word_1_57' title='bbox 1794 756 1833 827; x_wconf 81' lang='grc' dir='ltr'><em>ἥ</em></span> <span class='ocrx_word' id='word_1_58' title='bbox 1851 779 1909 813; x_wconf 91' lang='grc' dir='ltr'><strong><em>τε</em></strong></span> 
     </span>
     <span class='ocr_line' id='line_1_9' title="bbox 231 835 1909 913; baseline 0 -19"><span class='ocrx_word' id='word_1_59' title='bbox 231 862 336 910; x_wconf 90' lang='grc' dir='ltr'><strong><em>γαρ</em></strong></span> <span class='ocrx_word' id='word_1_60' title='bbox 358 841 632 907; x_wconf 88' lang='grc' dir='ltr'><strong><em>πλάτανος</em></strong></span> <span class='ocrx_word' id='word_1_61' title='bbox 652 841 789 913; x_wconf 80' lang='grc' dir='ltr'><strong><em>αὕτη</em></strong></span> <span class='ocrx_word' id='word_1_62' title='bbox 811 841 938 913; x_wconf 86' lang='grc' dir='ltr'><strong><em>μάλ’</em></strong></span> <span class='ocrx_word' id='word_1_63' title='bbox 963 838 1286 912; x_wconf 76' lang='grc' dir='ltr'><strong><em>ἀμφιλαφής</em></strong></span> <span class='ocrx_word' id='word_1_64' title='bbox 1303 859 1360 893; x_wconf 90' lang='grc' dir='ltr'><strong><em>τε</em></strong></span> <span class='ocrx_word' id='word_1_65' title='bbox 1381 839 1471 894; x_wconf 83' lang='grc' dir='ltr'><strong><em>καὶ</em></strong></span> <span class='ocrx_word' id='word_1_66' title='bbox 1491 835 1702 909; x_wconf 82' lang='grc' dir='ltr'><strong><em>ὑψηλή,</em></strong></span> <span class='ocrx_word' id='word_1_67' title='bbox 1733 845 1834 894; x_wconf 85' lang='grc' dir='ltr'><strong><em>τοῦ</em></strong></span> <span class='ocrx_word' id='word_1_68' title='bbox 1856 861 1909 894; x_wconf 84' lang='grc' dir='ltr'><strong><em>τε</em></strong></span> 
     </span>
     <span class='ocr_line' id='line_1_10' title="bbox 234 918 1909 992; baseline -0.001 -15"><span class='ocrx_word' id='word_1_69' title='bbox 234 922 414 992; x_wconf 76' lang='grc' dir='ltr'><strong><em>ἄγνου</em></strong></span> <span class='ocrx_word' id='word_1_70' title='bbox 443 922 503 979; x_wconf 85' lang='grc' dir='ltr'><strong><em>τὸ</em></strong></span> <span class='ocrx_word' id='word_1_71' title='bbox 537 922 678 990; x_wconf 78' lang='grc' dir='ltr'><strong><em>ὕψος</em></strong></span> <span class='ocrx_word' id='word_1_72' title='bbox 707 927 793 979; x_wconf 79' lang='grc' dir='ltr'><strong><em>καὶ</em></strong></span> <span class='ocrx_word' id='word_1_73' title='bbox 825 925 884 979; x_wconf 85' lang='grc' dir='ltr'><strong><em>τὸ</em></strong></span> <span class='ocrx_word' id='word_1_74' title='bbox 919 924 1155 979; x_wconf 89' lang='grc' dir='ltr'><strong><em>σύσκιον</em></strong></span> <span class='ocrx_word' id='word_1_75' title='bbox 1174 920 1484 991; x_wconf 86' lang='grc' dir='ltr'><strong><em>πάγκαλον,</em></strong></span> <span class='ocrx_word' id='word_1_76' title='bbox 1523 922 1613 976; x_wconf 85' lang='grc' dir='ltr'><strong><em>καὶ</em></strong></span> <span class='ocrx_word' id='word_1_77' title='bbox 1635 918 1706 985; x_wconf 76' lang='grc' dir='ltr'><strong><em>ὡς</em></strong></span> <span class='ocrx_word' id='word_1_78' title='bbox 1725 918 1909 991; x_wconf 77' lang='grc' dir='ltr'><strong><em>ἀκμὴν</em></strong></span> 
     </span>
     <span class='ocr_line' id='line_1_11' title="bbox 234 999 1908 1076; baseline -0.002 -17"><span class='ocrx_word' id='word_1_79' title='bbox 234 1009 339 1074; x_wconf 81' lang='grc' dir='ltr'><strong><em>ἐχει</em></strong></span> <span class='ocrx_word' id='word_1_80' title='bbox 359 1011 453 1076; x_wconf 84' lang='grc' dir='ltr'><strong><em>τῆς</em></strong></span> <span class='ocrx_word' id='word_1_81' title='bbox 473 1004 678 1076; x_wconf 85' lang='grc' dir='ltr'><strong><em>άνθης,</em></strong></span> <span class='ocrx_word' id='word_1_82' title='bbox 701 1003 773 1070; x_wconf 84' lang='grc' dir='ltr'><strong><em>ὡς</em></strong></span> <span class='ocrx_word' id='word_1_83' title='bbox 793 1001 862 1060; x_wconf 72' lang='grc' dir='ltr'><strong><em>ἂν</em></strong></span> <span class='ocrx_word' id='word_1_84' title='bbox 883 1003 1254 1060; x_wconf 80' lang='grc' dir='ltr'><strong><em>εὐωδέστατον</em></strong></span> <span class='ocrx_word' id='word_1_85' title='bbox 1274 1005 1498 1072; x_wconf 88' lang='grc' dir='ltr'><strong><em>παρέχοι</em></strong></span> <span class='ocrx_word' id='word_1_86' title='bbox 1516 1000 1615 1057; x_wconf 81' lang='grc' dir='ltr'><strong><em>τὸν</em></strong></span> <span class='ocrx_word' id='word_1_87' title='bbox 1634 1001 1832 1057; x_wconf 90' lang='grc' dir='ltr'><strong><em>τόπον·</em></strong></span> <span class='ocrx_word' id='word_1_88' title='bbox 1872 999 1908 1071; x_wconf 80' lang='grc' dir='ltr'><em>ἥ</em></span> 
     </span>
     <span class='ocr_line' id='line_1_12' title="bbox 232 1080 1901 1158; baseline -0.001 -18"><span class='ocrx_word' id='word_1_89' title='bbox 232 1107 288 1141; x_wconf 90' lang='grc' dir='ltr'><strong><em>τε</em></strong></span> <span class='ocrx_word' id='word_1_90' title='bbox 318 1080 393 1140; x_wconf 80' lang='grc' dir='ltr'><strong><em>αὖ</em></strong></span> <span class='ocrx_word' id='word_1_91' title='bbox 421 1086 566 1157; x_wconf 82' lang='grc' dir='ltr'><strong><em>πηγὴ</em></strong></span> <span class='ocrx_word' id='word_1_92' title='bbox 597 1088 918 1158; x_wconf 83' lang='grc' dir='ltr'><strong><em>χαριεστάτη</em></strong></span> <span class='ocrx_word' id='word_1_93' title='bbox 950 1084 1057 1141; x_wconf 85' lang='grc' dir='ltr'><strong><em>ὑπὸ</em></strong></span> <span class='ocrx_word' id='word_1_94' title='bbox 1088 1092 1181 1157; x_wconf 87' lang='grc' dir='ltr'><strong><em>τῆς</em></strong></span> <span class='ocrx_word' id='word_1_95' title='bbox 1211 1085 1495 1140; x_wconf 85' lang='grc' dir='ltr'><strong><em>πλατάνου</em></strong></span> <span class='ocrx_word' id='word_1_96' title='bbox 1526 1086 1613 1154; x_wconf 80' lang='grc' dir='ltr'><strong><em>ῥεῖ</em></strong></span> <span class='ocrx_word' id='word_1_97' title='bbox 1634 1084 1777 1155; x_wconf 87' lang='grc' dir='ltr'><strong><em>μάλα</em></strong></span> <span class='ocrx_word' id='word_1_98' title='bbox 1799 1095 1901 1149; x_wconf 82' lang='grc' dir='ltr'><strong><em>ψυ-</em></strong></span> 
     </span>
     <span class='ocr_line' id='line_1_13' title="bbox 230 1167 1905 1241; baseline -0.001 -19"><span class='ocrx_word' id='word_1_99' title='bbox 230 1174 370 1238; x_wconf 80' lang='grc' dir='ltr'><strong><em>χροῦ</em></strong></span> <span class='ocrx_word' id='word_1_100' title='bbox 405 1167 631 1238; x_wconf 79' lang='grc' dir='ltr'><strong><em>ὕδατος,</em></strong></span> <span class='ocrx_word' id='word_1_101' title='bbox 673 1167 810 1223; x_wconf 73' lang='grc' dir='ltr'><strong><em>ὥστε</em></strong></span> <span class='ocrx_word' id='word_1_102' title='bbox 840 1190 901 1238; x_wconf 92' lang='grc' dir='ltr'><strong><em>γε</em></strong></span> <span class='ocrx_word' id='word_1_103' title='bbox 930 1175 1007 1241; x_wconf 78' lang='grc' dir='ltr'><strong><em>τῷ</em></strong></span> <span class='ocrx_word' id='word_1_104' title='bbox 1042 1169 1168 1223; x_wconf 86' lang='grc' dir='ltr'><strong><em>ποδὶ</em></strong></span> <span class='ocrx_word' id='word_1_105' title='bbox 1203 1167 1606 1237; x_wconf 78' lang='grc' dir='ltr'><strong><em>τεκμήρασθαι·</em></strong></span> <span class='ocrx_word' id='word_1_106' title='bbox 1643 1172 1905 1236; x_wconf 77' lang='grc' dir='ltr'><strong><em>Νυμφῶν</em></strong></span> 
     </span>
     <span class='ocr_line' id='line_1_14' title="bbox 229 1246 1906 1324; baseline -0.001 -20"><span class='ocrx_word' id='word_1_107' title='bbox 229 1253 291 1304; x_wconf 87' lang='grc' dir='ltr'><strong><em>τέ</em></strong></span> <span class='ocrx_word' id='word_1_108' title='bbox 315 1271 484 1304; x_wconf 87' lang='grc' dir='ltr'><strong><em>τινων</em></strong></span> <span class='ocrx_word' id='word_1_109' title='bbox 513 1252 602 1305; x_wconf 83' lang='grc' dir='ltr'><strong><em>καὶ</em></strong></span> <span class='ocrx_word' id='word_1_110' title='bbox 628 1248 895 1324; x_wconf 76' lang='grc' dir='ltr'><strong><em>Ἀχελῴου</em></strong></span> <span class='ocrx_word' id='word_1_111' title='bbox 917 1251 1066 1320; x_wconf 77' lang='grc' dir='ltr'><strong><em>ἱερὸν</em></strong></span> <span class='ocrx_word' id='word_1_112' title='bbox 1085 1248 1192 1305; x_wconf 81' lang='grc' dir='ltr'><strong><em>άπὸ</em></strong></span> <span class='ocrx_word' id='word_1_113' title='bbox 1214 1255 1327 1304; x_wconf 69' lang='grc' dir='ltr'><strong><em>τῶν</em></strong></span> <span class='ocrx_word' id='word_1_114' title='bbox 1347 1255 1530 1319; x_wconf 78' lang='grc' dir='ltr'><strong><em>κορῶν</em></strong></span> <span class='ocrx_word' id='word_1_115' title='bbox 1547 1270 1603 1303; x_wconf 89' lang='grc' dir='ltr'><strong><em>τε</em></strong></span> <span class='ocrx_word' id='word_1_116' title='bbox 1625 1250 1715 1305; x_wconf 82' lang='grc' dir='ltr'><strong><em>καὶ</em></strong></span> <span class='ocrx_word' id='word_1_117' title='bbox 1736 1246 1906 1319; x_wconf 76' lang='grc' dir='ltr'><strong><em>ἄγαλ-</em></strong></span> 
     </span>
    </p>

    <p class='ocr_par' dir='ltr' id='par_1_5' title="bbox 171 1326 1906 1486">
     <span class='ocr_line' id='line_1_15' title="bbox 171 1326 1906 1403; baseline -0.001 -15"><span class='ocrx_word' id='word_1_118' title='bbox 171 1346 201 1388; x_wconf 94' lang='lat' dir='ltr'>C</span> <span class='ocrx_word' id='word_1_119' title='bbox 232 1332 421 1402; x_wconf 83' lang='grc' dir='ltr'><strong><em>μάτων</em></strong></span> <span class='ocrx_word' id='word_1_120' title='bbox 443 1338 621 1388; x_wconf 83' lang='grc' dir='ltr'><strong><em>ἔοικεν</em></strong></span> <span class='ocrx_word' id='word_1_121' title='bbox 642 1332 793 1388; x_wconf 80' lang='grc' dir='ltr'><strong><em>εἶναι.</em></strong></span> <span class='ocrx_word' id='word_1_122' title='bbox 854 1338 902 1387; x_wconf 84' lang='grc' dir='ltr'><strong><em>εἰ</em></strong></span> <span class='ocrx_word' id='word_1_123' title='bbox 920 1336 952 1387; x_wconf 92' lang='grc' dir='ltr'><strong><em>δ</em></strong></span> <span class='ocrx_word' id='word_1_124' title='bbox 960 1330 971 1350; x_wconf 81' lang='grc'><strong><em>’</em></strong></span> <span class='ocrx_word' id='word_1_125' title='bbox 997 1326 1068 1387; x_wconf 81' lang='grc' dir='ltr'><strong><em>αὖ</em></strong></span> <span class='ocrx_word' id='word_1_126' title='bbox 1089 1332 1307 1403; x_wconf 82' lang='grc' dir='ltr'><strong><em>βούλει,</em></strong></span> <span class='ocrx_word' id='word_1_127' title='bbox 1347 1330 1405 1387; x_wconf 83' lang='grc' dir='ltr'><strong><em>τὸ</em></strong></span> <span class='ocrx_word' id='word_1_128' title='bbox 1430 1330 1677 1387; x_wconf 74' lang='grc' dir='ltr'><strong><em>εὔπνουν</em></strong></span> <span class='ocrx_word' id='word_1_129' title='bbox 1695 1337 1794 1387; x_wconf 88' lang='grc' dir='ltr'><strong><em>τοῦ</em></strong></span> <span class='ocrx_word' id='word_1_130' title='bbox 1813 1331 1906 1386; x_wconf 91' lang='grc' dir='ltr'><strong><em>τό-</em></strong></span> 
     </span>
     <span class='ocr_line' id='line_1_16' title="bbox 231 1411 1874 1486; baseline -0.001 -18"><span class='ocrx_word' id='word_1_131' title='bbox 231 1434 341 1469; x_wconf 89' lang='grc' dir='ltr'><strong><em>που</em></strong></span> <span class='ocrx_word' id='word_1_132' title='bbox 372 1412 445 1479; x_wconf 77' lang='grc' dir='ltr'><strong><em>ὦς</em></strong></span> <span class='ocrx_word' id='word_1_133' title='bbox 475 1411 758 1486; x_wconf 71' lang='grc' dir='ltr'><strong><em>ἀγαπητὸν</em></strong></span> <span class='ocrx_word' id='word_1_134' title='bbox 787 1418 875 1471; x_wconf 78' lang='grc' dir='ltr'><strong><em>καὶ</em></strong></span> <span class='ocrx_word' id='word_1_135' title='bbox 897 1414 1116 1486; x_wconf 88' lang='grc' dir='ltr'><strong><em>σφόδρα</em></strong></span> <span class='ocrx_word' id='word_1_136' title='bbox 1137 1413 1267 1485; x_wconf 82' lang='grc' dir='ltr'><strong><em>ἡδύ·</em></strong></span> <span class='ocrx_word' id='word_1_137' title='bbox 1303 1414 1539 1485; x_wconf 86' lang='grc' dir='ltr'><strong><em>θερινόν</em></strong></span> <span class='ocrx_word' id='word_1_138' title='bbox 1558 1435 1614 1468; x_wconf 93' lang='grc' dir='ltr'><strong><em>τε</em></strong></span> <span class='ocrx_word' id='word_1_139' title='bbox 1638 1415 1727 1469; x_wconf 82' lang='grc' dir='ltr'><strong><em>καὶ</em></strong></span> <span class='ocrx_word' id='word_1_140' title='bbox 1749 1419 1874 1483; x_wconf 90' lang='grc' dir='ltr'><strong><em>λιγυ</em></strong></span> 
     </span>
    </p>

    <p class='ocr_par' dir='ltr' id='par_1_6' title="bbox 162 1493 2028 2217">
     <span class='ocr_line' id='line_1_17' title="bbox 234 1493 1903 1571; baseline 0 -22"><span class='ocrx_word' id='word_1_141' title='bbox 234 1494 335 1564; x_wconf 81' lang='grc' dir='ltr'><strong><em>ρὸν</em></strong></span> <span class='ocrx_word' id='word_1_142' title='bbox 365 1493 563 1566; x_wconf 78' lang='grc' dir='ltr'><strong><em>ὑπηχεῖ</em></strong></span> <span class='ocrx_word' id='word_1_143' title='bbox 590 1502 668 1571; x_wconf 76' lang='grc' dir='ltr'><strong><em>τῷ</em></strong></span> <span class='ocrx_word' id='word_1_144' title='bbox 687 1503 799 1552; x_wconf 73' lang='grc' dir='ltr'><strong><em>τῶν</em></strong></span> <span class='ocrx_word' id='word_1_145' title='bbox 819 1503 1075 1567; x_wconf 81' lang='grc' dir='ltr'><strong><em>τεττίγων</em></strong></span> <span class='ocrx_word' id='word_1_146' title='bbox 1093 1502 1253 1569; x_wconf 79' lang='grc' dir='ltr'><strong><em>χορῷ.</em></strong></span> <span class='ocrx_word' id='word_1_147' title='bbox 1307 1496 1530 1551; x_wconf 89' lang='grc' dir='ltr'><strong><em>πάντων</em></strong></span> <span class='ocrx_word' id='word_1_148' title='bbox 1551 1495 1608 1550; x_wconf 78' lang='grc' dir='ltr'><strong><em>δὲ</em></strong></span> <span class='ocrx_word' id='word_1_149' title='bbox 1629 1493 1903 1565; x_wconf 82' lang='grc' dir='ltr'><strong><em>κομψότα-</em></strong></span> 
     </span>
     <span class='ocr_line' id='line_1_18' title="bbox 232 1575 1904 1650; baseline 0 -19"><span class='ocrx_word' id='word_1_150' title='bbox 232 1598 328 1631; x_wconf 90' lang='grc' dir='ltr'><strong><em>τον</em></strong></span> <span class='ocrx_word' id='word_1_151' title='bbox 357 1575 416 1631; x_wconf 88' lang='grc' dir='ltr'><strong><em>τὸ</em></strong></span> <span class='ocrx_word' id='word_1_152' title='bbox 450 1583 545 1648; x_wconf 88' lang='grc' dir='ltr'><strong><em>τῆς</em></strong></span> <span class='ocrx_word' id='word_1_153' title='bbox 573 1577 736 1648; x_wconf 84' lang='grc' dir='ltr'><strong><em>πόας,</em></strong></span> <span class='ocrx_word' id='word_1_154' title='bbox 774 1578 857 1633; x_wconf 82' lang='grc' dir='ltr'><strong><em>ὅτι</em></strong></span> <span class='ocrx_word' id='word_1_155' title='bbox 884 1581 944 1634; x_wconf 87' lang='grc' dir='ltr'><strong><em>ἐν</em></strong></span> <span class='ocrx_word' id='word_1_156' title='bbox 974 1577 1147 1650; x_wconf 83' lang='grc' dir='ltr'><strong><em>ἠρέμα</em></strong></span> <span class='ocrx_word' id='word_1_157' title='bbox 1179 1577 1471 1647; x_wconf 79' lang='grc' dir='ltr'><strong><em>προσάντει</em></strong></span> <span class='ocrx_word' id='word_1_158' title='bbox 1501 1575 1660 1647; x_wconf 74' lang='grc' dir='ltr'><strong><em>ἱκανὴ</em></strong></span> <span class='ocrx_word' id='word_1_159' title='bbox 1694 1578 1904 1647; x_wconf 86' lang='grc' dir='ltr'><strong><em>πέφυκε</em></strong></span> 
     </span>
     <span class='ocr_line' id='line_1_19' title="bbox 231 1657 1905 1732; baseline -0.001 -18"><span class='ocrx_word' id='word_1_160' title='bbox 231 1661 608 1714; x_wconf 86' lang='grc' dir='ltr'><strong><em>κατακλινέντι</em></strong></span> <span class='ocrx_word' id='word_1_161' title='bbox 628 1658 729 1731; x_wconf 85' lang='grc' dir='ltr'><strong><em>τὴν</em></strong></span> <span class='ocrx_word' id='word_1_162' title='bbox 747 1659 999 1732; x_wconf 82' lang='grc' dir='ltr'><strong><em>κεφαλὴν</em></strong></span> <span class='ocrx_word' id='word_1_163' title='bbox 1016 1661 1307 1732; x_wconf 77' lang='grc' dir='ltr'><strong><em>παγκάλως</em></strong></span> <span class='ocrx_word' id='word_1_164' title='bbox 1328 1665 1483 1730; x_wconf 82' lang='grc' dir='ltr'><strong><em>ἔχειν.</em></strong></span> <span class='ocrx_word' id='word_1_165' title='bbox 1543 1657 1681 1713; x_wconf 68' lang='grc' dir='ltr'><strong><em>ὥστε</em></strong></span> <span class='ocrx_word' id='word_1_166' title='bbox 1712 1657 1905 1728; x_wconf 75' lang='grc' dir='ltr'><strong><em>ἄριστά</em></strong></span> 
     </span>
     <span class='ocr_line' id='line_1_20' title="bbox 231 1736 2028 1815; baseline 0 -18"><span class='ocrx_word' id='word_1_167' title='bbox 231 1759 318 1797; x_wconf 89' lang='grc' dir='ltr'><strong><em>σοι</em></strong></span> <span class='ocrx_word' id='word_1_168' title='bbox 339 1741 680 1813; x_wconf 82' lang='grc' dir='ltr'><strong><em>ἐξενάγηται,</em></strong></span> <span class='ocrx_word' id='word_1_169' title='bbox 710 1736 753 1798; x_wconf 72' lang='grc' dir='ltr'><em>ὦ</em></span> <span class='ocrx_word' id='word_1_170' title='bbox 774 1745 897 1814; x_wconf 84' lang='grc' dir='ltr'><strong><em>φίλε</em></strong></span> <span class='ocrx_word' id='word_1_171' title='bbox 921 1747 1141 1813; x_wconf 77' lang='grc' dir='ltr'><strong><em>Φαῖδρε.</em></strong></span> <span class='ocrx_word' id='word_1_172' title='bbox 2021 1786 2028 1815; x_wconf 57' lang='lat'>3</span> 
     </span>
     <span class='ocr_line' id='line_1_21' title="bbox 373 1820 2028 1923; baseline -0.001 -46"><span class='ocrx_word' id='word_1_173' title='bbox 373 1829 522 1878; x_wconf 88' lang='grc' dir='ltr'><strong><em>ΦΑΙ.</em></strong></span> <span class='ocrx_word' id='word_1_174' title='bbox 578 1824 667 1878; x_wconf 79' lang='grc' dir='ltr'><strong><em>Σύ</em></strong></span> <span class='ocrx_word' id='word_1_175' title='bbox 690 1829 752 1880; x_wconf 90' lang='grc' dir='ltr'><strong><em>δέ</em></strong></span> <span class='ocrx_word' id='word_1_176' title='bbox 767 1848 854 1896; x_wconf 92' lang='grc' dir='ltr'><strong><em>γε,</em></strong></span> <span class='ocrx_word' id='word_1_177' title='bbox 896 1820 941 1882; x_wconf 68' lang='grc' dir='ltr'><em>ὦ</em></span> <span class='ocrx_word' id='word_1_178' title='bbox 959 1825 1268 1897; x_wconf 88' lang='grc' dir='ltr'><strong><em>θαυμάσιε,</em></strong></span> <span class='ocrx_word' id='word_1_179' title='bbox 1305 1822 1652 1890; x_wconf 78' lang='grc' dir='ltr'><strong><em>άτοποότατός</em></strong></span> <span class='ocrx_word' id='word_1_180' title='bbox 1672 1845 1751 1887; x_wconf 90' lang='grc' dir='ltr'><strong><em>τις</em></strong></span> <span class='ocrx_word' id='word_1_181' title='bbox 1771 1829 1901 1892; x_wconf 91' lang='grc' dir='ltr'><strong><em>φαί-</em></strong></span> <span class='ocrx_word' id='word_1_182' title='bbox 2020 1838 2028 1923; x_wconf 60' lang='grc' dir='ltr'>ἰ</span> 
     </span>
     <span class='ocr_line' id='line_1_22' title="bbox 230 1902 2028 2004; baseline -0.001 -45"><span class='ocrx_word' id='word_1_183' title='bbox 230 1926 327 1960; x_wconf 90' lang='grc' dir='ltr'><strong><em>νει.</em></strong></span> <span class='ocrx_word' id='word_1_184' title='bbox 384 1902 622 1974; x_wconf 75' lang='grc' dir='ltr'><strong><em>ἀτεχνῶς</em></strong></span> <span class='ocrx_word' id='word_1_185' title='bbox 650 1906 785 1975; x_wconf 91' lang='grc' dir='ltr'><strong><em>γάρ,</em></strong></span> <span class='ocrx_word' id='word_1_186' title='bbox 824 1905 854 1961; x_wconf 80' lang='grc' dir='ltr'>ὃ</span> <span class='ocrx_word' id='word_1_187' title='bbox 884 1909 1086 1978; x_wconf 85' lang='grc' dir='ltr'><strong><em>λέγεις,</em></strong></span> <span class='ocrx_word' id='word_1_188' title='bbox 1127 1911 1507 1979; x_wconf 81' lang='grc' dir='ltr'><strong><em>ξεναγουμένςο</em></strong></span> <span class='ocrx_word' id='word_1_189' title='bbox 1538 1908 1643 1961; x_wconf 82' lang='grc' dir='ltr'><strong><em>τινὶ</em></strong></span> <span class='ocrx_word' id='word_1_190' title='bbox 1673 1907 1762 1960; x_wconf 85' lang='grc' dir='ltr'><strong><em>καὶ</em></strong></span> <span class='ocrx_word' id='word_1_191' title='bbox 1799 1903 1902 1958; x_wconf 82' lang='grc' dir='ltr'><strong><em>οὐκ</em></strong></span> <span class='ocrx_word' id='word_1_192' title='bbox 2020 1925 2028 2004; x_wconf 53' lang='lat' dir='ltr'>i</span> 
     </span>
     <span class='ocr_line' id='line_1_23' title="bbox 162 1983 1898 2060; baseline -0.002 -18"><span class='ocrx_word' id='word_1_193' title='bbox 162 2005 195 2047; x_wconf 83' lang='lat' dir='ltr'>D</span> <span class='ocrx_word' id='word_1_194' title='bbox 229 1989 495 2060; x_wconf 80' lang='grc' dir='ltr'><strong><em>ἐπιχωρίῳ</em></strong></span> <span class='ocrx_word' id='word_1_195' title='bbox 516 1991 694 2051; x_wconf 80' lang='grc' dir='ltr'><strong><em>ἔοικας</em></strong></span> <span class='ocrx_word' id='word_1_196' title='bbox 708 2008 726 2020; x_wconf 39' lang='lat'><strong><em>·*</em></strong></span> <span class='ocrx_word' id='word_1_197' title='bbox 756 1985 930 2052; x_wconf 78' lang='grc' dir='ltr'><strong><em>οὕτως</em></strong></span> <span class='ocrx_word' id='word_1_198' title='bbox 953 1990 1011 2043; x_wconf 82' lang='grc' dir='ltr'><strong><em>ἐκ</em></strong></span> <span class='ocrx_word' id='word_1_199' title='bbox 1031 1995 1130 2043; x_wconf 83' lang='grc' dir='ltr'><strong><em>τοῦ</em></strong></span> <span class='ocrx_word' id='word_1_200' title='bbox 1153 1988 1345 2053; x_wconf 73' lang='grc' dir='ltr'><strong><em>ἄστεος</em></strong></span> <span class='ocrx_word' id='word_1_201' title='bbox 1364 1987 1484 2042; x_wconf 77' lang='grc' dir='ltr'><strong><em>οὔτ’</em></strong></span> <span class='ocrx_word' id='word_1_202' title='bbox 1508 1991 1583 2051; x_wconf 85' lang='grc' dir='ltr'><strong><em>εἰς</em></strong></span> <span class='ocrx_word' id='word_1_203' title='bbox 1603 1984 1705 2057; x_wconf 85' lang='grc' dir='ltr'><strong><em>τὴν</em></strong></span> <span class='ocrx_word' id='word_1_204' title='bbox 1723 1983 1898 2054; x_wconf 82' lang='grc' dir='ltr'><strong><em>ὑπερ-</em></strong></span> 
     </span>
     <span class='ocr_line' id='line_1_24' title="bbox 229 2066 1901 2141; baseline -0.001 -17"><span class='ocrx_word' id='word_1_205' title='bbox 229 2075 388 2139; x_wconf 88' lang='grc' dir='ltr'><strong><em>ορίαν</em></strong></span> <span class='ocrx_word' id='word_1_206' title='bbox 416 2067 712 2140; x_wconf 81' lang='grc' dir='ltr'><strong><em>άποδημεῖς</em></strong></span> <span class='ocrx_word' id='word_1_207' title='bbox 725 2112 739 2139; x_wconf 87' lang='grc'><strong><em>,</em></strong></span> <span class='ocrx_word' id='word_1_208' title='bbox 779 2068 888 2126; x_wconf 81' lang='grc' dir='ltr'><strong><em>οὔτ’</em></strong></span> <span class='ocrx_word' id='word_1_209' title='bbox 911 2075 1010 2136; x_wconf 79' lang='grc' dir='ltr'><strong><em>ἔξω</em></strong></span> <span class='ocrx_word' id='word_1_210' title='bbox 1027 2075 1235 2141; x_wconf 88' lang='grc' dir='ltr'><strong><em>τείχους</em></strong></span> <span class='ocrx_word' id='word_1_211' title='bbox 1252 2074 1431 2140; x_wconf 81' lang='grc' dir='ltr'><strong><em>ἔμοιγε</em></strong></span> <span class='ocrx_word' id='word_1_212' title='bbox 1448 2072 1627 2133; x_wconf 88' lang='grc' dir='ltr'><strong><em>δοκεῖς</em></strong></span> <span class='ocrx_word' id='word_1_213' title='bbox 1643 2066 1703 2123; x_wconf 86' lang='grc' dir='ltr'><strong><em>τὸ</em></strong></span> <span class='ocrx_word' id='word_1_214' title='bbox 1722 2067 1901 2137; x_wconf 88' lang='grc' dir='ltr'><strong><em>παρά-</em></strong></span> 
     </span>
     <span class='ocr_line' id='line_1_25' title="bbox 229 2153 570 2217; baseline 0 -10"><span class='ocrx_word' id='word_1_215' title='bbox 229 2171 342 2207; x_wconf 92' lang='grc' dir='ltr'><strong><em>παν</em></strong></span> <span class='ocrx_word' id='word_1_216' title='bbox 360 2153 570 2217; x_wconf 82' lang='grc' dir='ltr'><strong><em>ἐξιέναι.</em></strong></span> 
     </span>
    </p>

    <p class='ocr_par' dir='ltr' id='par_1_7' title="bbox 228 2227 1899 2718">
     <span class='ocr_line' id='line_1_26' title="bbox 368 2227 1899 2307; baseline -0.001 -17"><span class='ocrx_word' id='word_1_217' title='bbox 368 2239 492 2290; x_wconf 73' lang='grc' dir='ltr'><strong><em>ΣΩ.</em></strong></span> <span class='ocrx_word' id='word_1_218' title='bbox 546 2238 947 2307; x_wconf 86' lang='grc' dir='ltr'><strong><em>Συγγίγνωσκέ</em></strong></span> <span class='ocrx_word' id='word_1_219' title='bbox 970 2258 1088 2307; x_wconf 89' lang='grc' dir='ltr'><strong><em>μοι,</em></strong></span> <span class='ocrx_word' id='word_1_220' title='bbox 1131 2227 1175 2290; x_wconf 72' lang='grc'><strong><em>(3</em></strong></span> <span class='ocrx_word' id='word_1_221' title='bbox 1207 2233 1405 2305; x_wconf 76' lang='grc' dir='ltr'><strong><em>ἄριστε.</em></strong></span> <span class='ocrx_word' id='word_1_222' title='bbox 1462 2233 1777 2305; x_wconf 82' lang='grc' dir='ltr'><strong><em>φιλομαθὴς</em></strong></span> <span class='ocrx_word' id='word_1_223' title='bbox 1794 2232 1899 2303; x_wconf 87' lang='grc' dir='ltr'><strong><em>γάρ</em></strong></span> 
     </span>
     <span class='ocr_line' id='line_1_27' title="bbox 228 2313 1899 2389; baseline -0.001 -18"><span class='ocrx_word' id='word_1_224' title='bbox 228 2321 358 2387; x_wconf 86' lang='grc' dir='ltr'><strong><em>εἰμι·</em></strong></span> <span class='ocrx_word' id='word_1_225' title='bbox 395 2315 460 2372; x_wconf 78' lang='grc' dir='ltr'><strong><em>τὰ</em></strong></span> <span class='ocrx_word' id='word_1_226' title='bbox 490 2318 592 2388; x_wconf 77' lang='grc' dir='ltr'><strong><em>μὲν</em></strong></span> <span class='ocrx_word' id='word_1_227' title='bbox 623 2313 726 2373; x_wconf 74' lang='grc' dir='ltr'><strong><em>οὖν</em></strong></span> <span class='ocrx_word' id='word_1_228' title='bbox 744 2325 913 2389; x_wconf 90' lang='grc' dir='ltr'><strong><em>χωρία</em></strong></span> <span class='ocrx_word' id='word_1_229' title='bbox 933 2316 1107 2374; x_wconf 77' lang='grc' dir='ltr'><strong><em>καὶτὰ</em></strong></span> <span class='ocrx_word' id='word_1_230' title='bbox 1130 2320 1329 2389; x_wconf 78' lang='grc' dir='ltr'><strong><em>δένδρα</em></strong></span> <span class='ocrx_word' id='word_1_231' title='bbox 1348 2316 1514 2373; x_wconf 83' lang='grc' dir='ltr'><strong><em>οὐδέν</em></strong></span> <span class='ocrx_word' id='word_1_232' title='bbox 1535 2316 1594 2387; x_wconf 86' lang='grc' dir='ltr'><strong><em>μ’</em></strong></span> <span class='ocrx_word' id='word_1_233' title='bbox 1616 2318 1794 2372; x_wconf 83' lang='grc' dir='ltr'><strong><em>ἐθέλει</em></strong></span> <span class='ocrx_word' id='word_1_234' title='bbox 1817 2318 1899 2370; x_wconf 91' lang='grc' dir='ltr'><strong><em>δι-</em></strong></span> 
     </span>
     <span class='ocr_line' id='line_1_28' title="bbox 230 2397 1898 2474; baseline -0.001 -20"><span class='ocrx_word' id='word_1_235' title='bbox 230 2399 486 2467; x_wconf 83' lang='grc' dir='ltr'><strong><em>δάσκειν,</em></strong></span> <span class='ocrx_word' id='word_1_236' title='bbox 525 2403 579 2454; x_wconf 79' lang='grc' dir='ltr'><strong><em>οἱ</em></strong></span> <span class='ocrx_word' id='word_1_237' title='bbox 606 2397 659 2455; x_wconf 90' lang='grc' dir='ltr'><strong><em>δ’</em></strong></span> <span class='ocrx_word' id='word_1_238' title='bbox 693 2403 754 2457; x_wconf 86' lang='grc' dir='ltr'><strong><em>ἐν</em></strong></span> <span class='ocrx_word' id='word_1_239' title='bbox 783 2407 862 2474; x_wconf 74' lang='grc' dir='ltr'><strong><em>τῷ</em></strong></span> <span class='ocrx_word' id='word_1_240' title='bbox 893 2400 1042 2456; x_wconf 77' lang='grc' dir='ltr'><strong><em>ἄστει</em></strong></span> <span class='ocrx_word' id='word_1_241' title='bbox 1062 2399 1369 2471; x_wconf 75' lang='grc' dir='ltr'><strong><em>ἄνθρωποι.</em></strong></span> <span class='ocrx_word' id='word_1_242' title='bbox 1427 2397 1497 2454; x_wconf 78' lang='grc' dir='ltr'><strong><em>σὺ</em></strong></span> <span class='ocrx_word' id='word_1_243' title='bbox 1517 2400 1702 2471; x_wconf 85' lang='grc' dir='ltr'><strong><em>μέντοι</em></strong></span> <span class='ocrx_word' id='word_1_244' title='bbox 1725 2402 1898 2461; x_wconf 89' lang='grc' dir='ltr'><strong><em>δοκεῖς</em></strong></span> 
     </span>
     <span class='ocr_line' id='line_1_29' title="bbox 228 2478 1895 2555; baseline -0.001 -20"><span class='ocrx_word' id='word_1_245' title='bbox 228 2502 320 2552; x_wconf 89' lang='grc' dir='ltr'><strong><em>μοι</em></strong></span> <span class='ocrx_word' id='word_1_246' title='bbox 338 2487 433 2551; x_wconf 83' lang='grc' dir='ltr'><strong><em>τῆς</em></strong></span> <span class='ocrx_word' id='word_1_247' title='bbox 451 2481 644 2546; x_wconf 84' lang='grc' dir='ltr'><strong><em>ἐξόδου</em></strong></span> <span class='ocrx_word' id='word_1_248' title='bbox 664 2481 724 2538; x_wconf 82' lang='grc' dir='ltr'><strong><em>τὸ</em></strong></span> <span class='ocrx_word' id='word_1_249' title='bbox 749 2484 1048 2555; x_wconf 85' lang='grc' dir='ltr'><strong><em>φάρμακον</em></strong></span> <span class='ocrx_word' id='word_1_250' title='bbox 1067 2480 1371 2554; x_wconf 84' lang='grc' dir='ltr'><strong><em>εὑρηκέναι.</em></strong></span> <span class='ocrx_word' id='word_1_251' title='bbox 1430 2482 1613 2551; x_wconf 73' lang='grc' dir='ltr'><strong><em>ὥσπερ</em></strong></span> <span class='ocrx_word' id='word_1_252' title='bbox 1636 2479 1741 2553; x_wconf 73' lang='grc' dir='ltr'><strong><em>γὰρ</em></strong></span> <span class='ocrx_word' id='word_1_253' title='bbox 1763 2483 1818 2536; x_wconf 78' lang='grc' dir='ltr'><strong><em>οἱ</em></strong></span> <span class='ocrx_word' id='word_1_254' title='bbox 1831 2478 1895 2534; x_wconf 78' lang='grc' dir='ltr'><strong><em>τά</em></strong></span> 
     </span>
     <span class='ocr_line' id='line_1_30' title="bbox 229 2563 1896 2636; baseline -0.001 -18"><span class='ocrx_word' id='word_1_255' title='bbox 229 2568 501 2619; x_wconf 78' lang='grc' dir='ltr'><strong><em>πεινῶντα</em></strong></span> <span class='ocrx_word' id='word_1_256' title='bbox 538 2568 825 2635; x_wconf 90' lang='grc' dir='ltr'><strong><em>θρέμματα</em></strong></span> <span class='ocrx_word' id='word_1_257' title='bbox 854 2563 1067 2622; x_wconf 84' lang='grc' dir='ltr'><strong><em>θαλλὸν</em></strong></span> <span class='ocrx_word' id='word_1_258' title='bbox 1096 2564 1131 2636; x_wconf 87' lang='grc' dir='ltr'>ἥ</span> <span class='ocrx_word' id='word_1_259' title='bbox 1159 2587 1281 2621; x_wconf 88' lang='grc' dir='ltr'><strong><em>τινα</em></strong></span> <span class='ocrx_word' id='word_1_260' title='bbox 1308 2563 1525 2634; x_wconf 83' lang='grc' dir='ltr'><strong><em>καρπὸν</em></strong></span> <span class='ocrx_word' id='word_1_261' title='bbox 1552 2567 1896 2634; x_wconf 86' lang='grc' dir='ltr'><strong><em>προσείοντες</em></strong></span> 
     </span>
     <span class='ocr_line' id='line_1_31' title="bbox 230 2642 1894 2718; baseline -0.002 -18"><span class='ocrx_word' id='word_1_262' title='bbox 230 2646 455 2716; x_wconf 78' lang='grc' dir='ltr'><strong><em>ἄγουσι,</em></strong></span> <span class='ocrx_word' id='word_1_263' title='bbox 496 2644 567 2701; x_wconf 92' lang='grc' dir='ltr'><strong><em>συ</em></strong></span> <span class='ocrx_word' id='word_1_264' title='bbox 597 2647 714 2717; x_wconf 85' lang='grc' dir='ltr'><strong><em>ε’μοὶ</em></strong></span> <span class='ocrx_word' id='word_1_265' title='bbox 745 2647 945 2717; x_wconf 85' lang='grc' dir='ltr'><strong><em>λόγους</em></strong></span> <span class='ocrx_word' id='word_1_266' title='bbox 975 2646 1121 2703; x_wconf 80' lang='grc' dir='ltr'><strong><em>οὕτω</em></strong></span> <span class='ocrx_word' id='word_1_267' title='bbox 1142 2655 1446 2718; x_wconf 89' lang='grc' dir='ltr'><strong><em>προτείνων</em></strong></span> <span class='ocrx_word' id='word_1_268' title='bbox 1469 2650 1528 2703; x_wconf 84' lang='grc' dir='ltr'><strong><em>ἐν</em></strong></span> <span class='ocrx_word' id='word_1_269' title='bbox 1547 2650 1774 2718; x_wconf 88' lang='grc' dir='ltr'><strong><em>βιβλίοις</em></strong></span> <span class='ocrx_word' id='word_1_270' title='bbox 1791 2642 1894 2713; x_wconf 85' lang='grc' dir='ltr'><strong><em>τήν</em></strong></span> 
     </span>
    </p>

    <p class='ocr_par' dir='ltr' id='par_1_8' title="bbox 168 2723 1893 2882">
     <span class='ocr_line' id='line_1_32' title="bbox 168 2723 1893 2799; baseline -0.003 -13"><span class='ocrx_word' id='word_1_271' title='bbox 168 2747 200 2787; x_wconf 84' lang='grc' dir='ltr'>Ε</span> <span class='ocrx_word' id='word_1_272' title='bbox 230 2750 285 2783; x_wconf 89' lang='grc' dir='ltr'><strong><em>τε</em></strong></span> <span class='ocrx_word' id='word_1_273' title='bbox 306 2726 557 2799; x_wconf 79' lang='grc' dir='ltr'><strong><em>Ἀττικὴν</em></strong></span> <span class='ocrx_word' id='word_1_274' title='bbox 585 2733 769 2798; x_wconf 85' lang='grc' dir='ltr'><strong><em>φαίνει</em></strong></span> <span class='ocrx_word' id='word_1_275' title='bbox 799 2729 1074 2797; x_wconf 82' lang='grc' dir='ltr'><strong><em>περιάξειν</em></strong></span> <span class='ocrx_word' id='word_1_276' title='bbox 1102 2729 1323 2785; x_wconf 82' lang='grc' dir='ltr'><strong><em>ἅπασαν</em></strong></span> <span class='ocrx_word' id='word_1_277' title='bbox 1353 2732 1442 2785; x_wconf 85' lang='grc' dir='ltr'><strong><em>καὶ</em></strong></span> <span class='ocrx_word' id='word_1_278' title='bbox 1462 2727 1586 2784; x_wconf 83' lang='grc' dir='ltr'><strong><em>ὅποι</em></strong></span> <span class='ocrx_word' id='word_1_279' title='bbox 1606 2723 1676 2781; x_wconf 69' lang='grc' dir='ltr'><strong><em>ἄν</em></strong></span> <span class='ocrx_word' id='word_1_280' title='bbox 1695 2724 1893 2781; x_wconf 76' lang='grc' dir='ltr'><strong><em>ἄλλοσε</em></strong></span> 
     </span>
     <span class='ocr_line' id='line_1_33' title="bbox 226 2808 1893 2885; baseline -0.001 -21"><span class='ocrx_word' id='word_1_281' title='bbox 226 2810 417 2882; x_wconf 84' lang='grc' dir='ltr'><strong><em>βούλῃ.</em></strong></span> <span class='ocrx_word' id='word_1_282' title='bbox 459 2816 565 2864; x_wconf 83' lang='grc' dir='ltr'><strong><em>νῦν</em></strong></span> <span class='ocrx_word' id='word_1_283' title='bbox 586 2814 689 2866; x_wconf 82' lang='grc' dir='ltr'><strong><em>οὐν</em></strong></span> <span class='ocrx_word' id='word_1_284' title='bbox 709 2813 769 2867; x_wconf 83' lang='grc' dir='ltr'><strong><em>ἐν</em></strong></span> <span class='ocrx_word' id='word_1_285' title='bbox 789 2817 862 2885; x_wconf 76' lang='grc' dir='ltr'><strong><em>τῷ</em></strong></span> <span class='ocrx_word' id='word_1_286' title='bbox 887 2813 1117 2882; x_wconf 88' lang='grc' dir='ltr'><strong><em>παρόντι</em></strong></span> <span class='ocrx_word' id='word_1_287' title='bbox 1139 2809 1292 2882; x_wconf 84' lang='grc' dir='ltr'><strong><em>δεῦρ’</em></strong></span> <span class='ocrx_word' id='word_1_288' title='bbox 1314 2809 1648 2880; x_wconf 77' lang='grc' dir='ltr'><strong><em>ἀφικόμενος</em></strong></span> <span class='ocrx_word' id='word_1_289' title='bbox 1668 2808 1772 2877; x_wconf 91' lang='grc' dir='ltr'><strong><em>ε’γω</em></strong></span> <span class='ocrx_word' id='word_1_290' title='bbox 1793 2811 1893 2879; x_wconf 89' lang='grc' dir='ltr'><strong><em>μέν</em></strong></span> 
     </span>
    </p>
   </div>
   <div class='ocr_carea' id='block_1_3' title="bbox 2003 2276 2028 3198">
    <p class='ocr_par' dir='ltr' id='par_1_9' title="bbox 2003 2276 2028 3198">
     <span class='ocr_line' id='line_1_34' title="bbox 2003 2276 2028 3198; baseline 0 0"><span class='ocrx_word' id='word_1_291' title='bbox 2003 2276 2028 3198; x_wconf 95' lang='lat' dir='ltr'><strong><em> </em></strong></span> 
     </span>
    </p>
   </div>
  </div>
 </body>
</html>
