2028 3198
279 174 383 224 220
892 173 1368 224 ΠΛΑΤΩΝΟΣ
1515 131 1517 133 ’
1898 183 1957 229 82

280 310 597 375 παίδευσιν,
635 297 701 375 ἦς
738 303 866 361 οὔτε
906 304 1230 376 ἀνθρώποις
1267 305 1396 362 οὔτε
1433 314 1587 371 θεοῖς
1622 314 1687 380 τῇ
1727 309 1962 391 ἀληθείᾳ

279 386 603 457 τιμιώτερον
623 384 751 441 οὔτε
779 389 928 442 ἔστιν
949 386 1078 442 οὔτε
1097 385 1227 442 ποτε
1243 390 1407 442 ἔσται.
1446 388 1620 443 ταῦτά
1638 410 1695 443 τε
1715 391 1820 444 οὐν
1839 390 1958 460 χρή,

280 471 320 523 ὠ
344 479 466 538 παῖ,
507 471 791 538 ξυννοεῖν,
830 470 922 524 καὶ
942 469 1143 524 εἰδέναι
1161 467 1263 539 τὴν
1281 471 1514 538 ἐραστοῦ
1533 475 1750 540 φιλίαν,
1789 469 1874 525 ότι
1892 467 1961 525 οὐ

277 547 396 620 μετ’
429 548 647 613 εὐνοίας
674 553 945 619 γίγνεται,
985 547 1123 605 ἀλλὰ
1156 555 1334 605 σιτίου
1364 551 1599 621 τρόπον,
1637 550 1798 621 χάριν
1818 559 1959 622 πλη-

209 644 244 685 D
278 635 515 701 σμονῆς,
569 626 640 694 ὡς
684 628 845 685 λύκοι
889 626 1018 700 ἄρν’
1057 627 1336 701 ἀγαπῶσ’,
1389 629 1461 696 ὥς
1497 636 1662 687 παῖδα
1700 639 1961 702 φιλοῦσιν

279 712 513 780 ἐρασταί.

418 796 551 847 XIX.
627 791 792 848 Τοῦτ’
826 796 1030 863 ἐκεῖνο,
1072 786 1117 847 c3
1147 795 1366 862 Φαῖδρε.
1403 789 1588 847 οὐκέτ’
1619 788 1690 847 ἀν
1729 793 1788 847 τὸ
1821 796 1959 860 πέρα

280 870 544 936 ἀκούσαις
563 875 700 943 ἐμοῦ
718 876 991 944 λέγοντος,
1009 870 1122 928 ἀλλ’
1145 871 1251 943 ἤδη
1275 888 1362 928 σοι
1379 874 1531 937 τέλος
1549 874 1710 941 ἐχέτω
1731 870 1759 927 6
1780 871 1956 942 λόγος.

422 960 575 1009 ΦΑΙ.
630 961 826 1010 Καίτοι
857 953 1013 1028 ᾤμην
1033 970 1093 1008 σε
1123 959 1333 1023 μεσοῦν
1360 952 1560 1024 αὐτοῦ,
1600 954 1691 1008 καὶ
1721 954 1864 1023 ἐρεῖν
1893 950 1956 1007 τά

281 1042 372 1091 ἴσα
402 1037 526 1105 περὶ
557 1042 658 1090 τοῦ
676 1034 748 1106 μὴ
781 1039 1044 1105 ἐρῶντος,
1085 1032 1158 1099 ὡς
1179 1039 1266 1090 δεῖ
1278 1038 1466 1108 ἐκείνῳ
1485 1038 1801 1104 χαρίζεσθαι
1820 1039 1960 1103 μᾶλ-

280 1123 408 1186 λον,
446 1118 624 1187 λέγων
647 1115 736 1172 ὅσ’
758 1112 831 1172 αὖ
860 1121 964 1186 ἔχει
992 1115 1179 1186 ἀγαθά
1197 1137 1208 1148 ·
1245 1122 1352 1171 νῦν
1373 1116 1431 1171 δὲ
1451 1116 1544 1186 δή,
1586 1109 1630 1170 ὦ
1647 1114 1957 1186 Σώκρατες..

279 1202 335 1253 τί
350 1195 652 1262 ἀποπαύει;

214 1291 248 1331 Ε
424 1286 542 1335 ΣΩ.
600 1277 720 1335 Οὐκ
739 1277 952 1350 ᾔσθου,
996 1273 1039 1333 ὦ
1059 1279 1318 1349 μακάριε,
1351 1295 1436 1333 οτι
1465 1276 1569 1348 ἤδη
1591 1282 1689 1348 ἔπη
1712 1279 1957 1380 φθέγγο-

279 1383 402 1432 μαι,
443 1359 556 1415 ἀλλ’
578 1358 763 1416 οὐκέτι
786 1359 1195 1431 διθυράμβους,
1236 1361 1326 1415 καὶ
1347 1366 1517 1415 ταῦτα
1538 1362 1747 1428 ψέγων;
1786 1356 1885 1414 ἐὰν
1907 1354 1957 1413 δ’

278 1445 523 1498 ἐπαινεῖν
559 1440 660 1496 τὸν
702 1443 892 1511 ἕτερον
929 1440 1203 1512 ἄρξωμαι,
1245 1446 1300 1496 τί
1334 1462 1400 1511 με
1431 1449 1533 1496 οἰει
1552 1440 1826 1510 ποιήσειν;
1866 1433 1935 1508 ἀρ

279 1521 432 1579 οἷσθ’
455 1521 540 1579 ὅτι
564 1521 671 1579 ὑπὸ
692 1545 806 1578 των
825 1529 1103 1593 Νυμφων,
1125 1521 1209 1587 αἷς
1228 1544 1294 1593 με
1322 1521 1393 1577 σὺ
1411 1519 1722 1592 προῦβαλες
1739 1523 1800 1576 ἐκ
1822 1540 1961 1589 προ-

280 1609 458 1675 νοίας,
496 1611 688 1675 σαφῶς
725 1604 1101 1671 ἐνθουσιάσω;
1140 1605 1280 1673 λέγω
1316 1597 1421 1658 οὖν
1441 1604 1521 1659 ἑνὶ
1541 1603 1713 1676 λόγῳ,
1752 1601 1835 1656 ὅτι
1856 1600 1960 1656 ὅσα

280 1685 379 1741 τὸν
411 1687 600 1756 ἕτερον
631 1686 1124 1791 λελοιδορηκαμεν,
1162 1693 1240 1757 τῷ
1270 1687 1431 1758 ἑτέρῳ
1461 1682 1720 1740 τάναντία
1749 1684 1961 1738 τούτων

281 1765 468 1836 ἀγαθοὶ
500 1767 777 1836 πρόσεστι.
819 1769 909 1823 καὶ
927 1789 978 1822 τι
971 1771 1084 1823 ’δεῖ
1096 1773 1314 1837 μακροῦ
1333 1766 1529 1836 λόγου;
1570 1767 1692 1836 περὶ
1721 1764 1825 1865 γὰρ
1855 1762 1962 1835 ἀμ-

282 1857 413 1917 φοῖν
434 1850 637 1911 ίκανως
658 1857 881 1919 εἴρηται.
903 1851 994 1903 καὶ
1023 1848 1167 1904 οὕτω
1199 1846 1264 1919 δὴ
1297 1847 1325 1904 6
1356 1856 1562 1919 μῦθος,
1602 1846 1633 1902 ὅ
1651 1870 1703 1903 τι
1734 1847 1961 1917 πάσχειν

165 1940 251 1985 242
279 1928 546 2000 προσήκει
565 1927 743 2002 αὐτῷ,
785 1936 947 1984 τοῦτο
973 1934 1238 1984 πείσεται·
1270 1927 1422 1998 κάγω
1444 1927 1544 1984 τὸν
1564 1927 1813 1999 ποταμὸν
1830 1933 1962 1982 τοῦ-
2021 1942 2028 1955 ⁴

278 2031 377 2065 τον
408 2009 601 2082 διαβὰς
630 2008 959 2082 ἀπέρχομαι,
1000 2012 1130 2082 πρὶν
1161 2009 1269 2065 ὑπὸ
1301 2017 1405 2065 σοῦ
1434 2031 1484 2064 τι
1513 2015 1695 2079 μεῖζον
1717 2008 1960 2078 ἀναγκα-
2024 2005 2028 2038 :

280 2098 502 2163 σθῆναι.

421 2179 574 2228 ΦΑΙ.
633 2174 822 2244 Μήπω
862 2195 949 2243 γε,
987 2167 1033 2228 ὦ
1066 2172 1386 2244 Σώκρατες,
1425 2175 1555 2241 πρὶν
1581 2169 1653 2227 ἄν
1683 2170 1743 2227 τὸ
1775 2178 1959 2242 καῦμα

280 2255 559 2325 παρέλθῃ·
598 2250 636 2324 η’
664 2251 764 2324 οὐχ
794 2252 930 2326 ὁρᾷς
962 2251 1034 2318 ὡς
1063 2252 1259 2324 σχεδὸν
1287 2251 1392 2323 ἤδη
1422 2257 1730 2323 μεσημβρία
1748 2254 1959 2306 ἵσταται

282 2333 333 2405 [ἡ
357 2334 422 2405 δὴ
444 2338 758 2406 καλουμένη
780 2335 1072 2406 σταθερά];
1112 2333 1252 2391 ἀλλὰ
1273 2340 1706 2406 περιμείναντες,
1740 2334 1828 2388 καὶ
1849 2331 1958 2401 ἅμα

281 2417 406 2486 περὶ
443 2421 556 2471 τῶν
593 2421 897 2487 εἰρημένων
936 2420 1344 2488 διαλεχθέντες,
1392 2417 1526 2487 τάχα
1565 2415 1785 2472 έπειδάν
1822 2415 1958 2469 ἀπο-

279 2504 427 2568 ψυχῇ
448 2504 586 2567 ἴμεν.

420 2584 544 2632 ΣΩ.
607 2579 763 2642 Θεῖός
792 2579 845 2648 γ’
881 2580 928 2635 εἶ
956 2583 1078 2652 περὶ
1106 2580 1237 2646 τοὺς
1267 2579 1492 2651 λόγους,
1533 2573 1578 2635 ὦ
1597 2583 1829 2648 Φαῖδρε,
1871 2581 1958 2631 καὶ

282 2655 520 2727 ἀτεχνῶς
537 2659 866 2728 θαυμάσιος.
907 2661 1056 2732 οἶμαι
1082 2661 1189 2732 γάρ
1220 2661 1326 2732 ἐγω
1357 2668 1468 2717 τῶν
1488 2663 1574 2717 ἐπὶ
1590 2668 1690 2716 τοῦ
1708 2666 1813 2715 σοῦ
1830 2666 1957 2730 βίου

216 2763 250 2802 B
281 2739 595 2808 γεγονότων
624 2741 832 2811 μηδένα
860 2748 1080 2807 πλείους
1112 2740 1143 2813 ἢ
1173 2744 1232 2800 σὲ
1254 2746 1606 2813 πεποιηκέναι
1622 2747 1957 2811 γεγενῆσθαι

279 2817 400 2880 ἤτοι
419 2817 592 2875 αὐτὸν
613 2825 842 2892 λέγοντα
867 2818 902 2892 ἦ
924 2821 1127 2888 ἄλλους
1146 2826 1233 2879 ἑνί
1255 2826 1320 2893 γε’
1339 2845 1413 2896 τῳ
1434 2822 1619 2894 τρόπω
1640 2840 1957 2891 προσαναγ-

2003 2710 2028 3198 ’ῌ-ζῌᾳ-μ-
2013 2641 2028 2690 4,..-
2016 2411 2028 2628 *sax-..mn
