2028 3198
277 201 311 251 6
875 201 1352 249 ΠΛΑΤΩΝΟΣ

283 339 379 406 μὲν
409 338 524 404 εἴδη
557 331 697 388 αὐτὰ
727 331 887 403 ἄττα,
930 333 1093 430 χωρὶς
1125 333 1185 389 δὲ
1213 333 1280 389 τὰ
1307 333 1522 390 τούτων
1542 329 1616 390 αὖ
1610 338 1955 433 μετέχοντας

279 419 375 470 καί
397 421 454 470 τί
468 432 554 469 σοι
573 417 727 468 δοκεῖ
743 411 883 468 εἶναι
903 411 1039 484 αὐτὴ
1062 411 1316 485 ὁμοιότης
1334 416 1496 485 χωρὶς
1515 408 1580 486 ἧς
1596 414 1749 488 ἡμεῖς
1767 414 1955 487 ὁμοιό-

275 517 435 566 τητος
463 498 680 564 ἔχομεν,
720 496 811 549 καὶ
843 497 905 548 ἓν
924 493 988 564 δὴ
1010 496 1100 550 καὶ
1121 494 1298 550 πολλα
1320 497 1411 550 καὶ
1432 496 1613 551 πάντα
1634 495 1739 552 ὅσα
1759 503 1869 552 νῦν
1889 499 1954 568 δὴ

276 577 534 647 Ζήνωνος
552 574 751 647 ἤκουες
766 575 1037 646 ;”Εμοιγε,
1058 575 1232 645 φάναι
1250 575 1347 631 τὸν
1367 578 1655 648 Σωκράτη.
1701 573 1769 633 3H
1784 581 1875 633 καὶ
1891 577 1955 633 τα

275 658 477 728 τοιάδε,
502 661 672 712 εἰπεῖν
691 655 792 712 τὸν
809 661 1191 727 Παρμενίδην,
1211 652 1333 712 οἷον
1353 661 1569 712 δικαίου
1587 681 1638 713 τι
1658 658 1799 723 εἶδος
1819 657 1955 714 αὐτὸ

274 738 407 795 καθ’
443 737 578 795 αὖτὸ
610 740 701 794 καὶ
720 745 895 793 καλοῦ
914 739 1004 793 καὶ
1025 737 1247 806 ἀγαθοῦ
1266 741 1354 793 καὶ
1374 738 1598 794 πάντων
1618 735 1691 794 αὖ
1709 747 1821 795 τῶν
1842 763 1955 796 τοι-

221 828 252 870 C
282 821 493 887 ούτων;
531 826 670 890 Ναί,
692 820 879 889 φάναι.
946 816 1099 890 Τίδ’,
1132 818 1439 888 ἀνθρώπου
1460 819 1600 885 εἶδος
1619 823 1781 891 χωρὶς
1799 821 1955 892 ἡμῶν

277 905 369 958 καὶ
396 909 509 957 τῶν
541 899 648 957 οἷοι
673 898 825 1005 ἡμεῖς
854 900 1017 971 ἐσμὲν
1044 901 1296 972 πάντων,
1338 900 1475 958 αὐτό
1494 925 1544 957 τι
1565 901 1708 968 εἶδος
1727 901 1956 974 ἀνθρώ-

276 1004 386 1039 που
405 979 441 1053 ἢ
464 981 640 1054 πυρὸς
661 978 696 1053 ἦ
716 984 806 1038 καὶ
825 981 1050 1047 ὕδατοςς
1082 980 1172 1037 Ἐν
1191 982 1422 1057 ἀπορία,
1454 985 1655 1056 φάναι,
1693 986 1956 1049 πολλάκις

277 1065 345 1135 δή
359 1107 374 1133 ,
397 1087 438 1119 ω
420 1058 777 1134 Παρμενίδη
793 1107 807 1133 ,
833 1065 956 1161 περὶ
976 1062 1159 1119 αὐτῶν
1179 1068 1406 1135 γέγονα,
1439 1067 1642 1135 πότερα
1660 1067 1760 1139 χρὴ
1782 1067 1954 1166 φάναι

279 1145 463 1215 ω’σπερ
495 1147 618 1216 περὶ
649 1148 877 1200 ἐκείνων
893 1141 929 1215 η’
949 1144 1140 1210 ἄλλως.
1193 1149 1258 1201 Η
1273 1148 1364 1202 καὶ
1383 1150 1506 1217 περὶ
1524 1152 1725 1218 τῶνδε,
1764 1152 1805 1204 ιό
1826 1149 1955 1204 Σω-

277 1248 487 1297 κρατες,
510 1224 544 1281 ὁὶ
563 1228 653 1281 καὶ
671 1235 857 1296 γελοῖα
883 1224 1138 1292 δόξειεν
1112 1227 1183 1282 άν
1204 1227 1369 1298 εἶναι,
1392 1227 1512 1284 οἷον
1528 1232 1655 1298 θρὶξ
1675 1233 1764 1286 καὶ
1785 1229 1955 1301 πηλὸς

275 1311 366 1364 καὶ
382 1309 558 1380 ῥύπος
572 1304 607 1380 ἦ
628 1307 799 1364 ἄλλο
779 1309 811 1364 ό
828 1332 879 1364 τι
898 1308 1224 1379 ἀτιμότατόν
1241 1332 1298 1364 τε
1318 1312 1409 1365 καὶ
1429 1311 1794 1381 φαυλότατον,
1816 1310 1956 1367 ἀπο-

276 1403 387 1488 ρεῖς
417 1399 523 1446 εἴτε
540 1390 642 1461 χρὴ
665 1392 839 1460 φάναι
857 1393 945 1446 καὶ
965 1390 1181 1445 τούτων
1201 1391 1435 1446 εκάστου
1455 1390 1596 1456 εἶδος
1620 1390 1758 1447 εἶναι
1776 1399 1954 1464 χωρίς,

209 1484 243 1524 Ι)
277 1467 346 1526 ὂν
375 1471 507 1526 ἄλλο
539 1470 725 1526 αὐτων
760 1475 841 1526 ὠν
869 1470 1021 1542 ἡμεῖς
1049 1473 1559 1543 μεταχειριζόμεθα,
1600 1482 1705 1529 είτε
1734 1478 1824 1530 καὶ
1853 1474 1954 1544 μή;

281 1550 579 1623 Οὐδαμῶς,
597 1553 777 1622 φάναι
795 1552 893 1609 τὸν
911 1554 1184 1624 Σωκράτη
1200 1596 1214 1624 ,
1236 1554 1372 1608 ἀλλά
1393 1562 1564 1610 ταῦτα
1583 1559 1687 1625 μέν
1704 1578 1791 1627 γε,
1816 1553 1953 1623 ἅπερ

277 1630 520 1703 ὁρῶμεν,
559 1641 731 1688 ταῦτα
759 1636 850 1690 καὶ
881 1634 1043 1689 εἶναι·
1084 1633 1225 1699 εἶδος
1246 1639 1308 1690 δέ
1321 1657 1373 1690 τι
1394 1633 1579 1691 αὐτῶν
1600 1641 1860 1706 οἰηθῆναι
1879 1635 1956 1691 εἷ-

277 1740 369 1772 ναι
399 1717 471 1787 μὴ
503 1723 628 1772 λιαν
656 1728 691 1789 ῃ
711 1717 935 1772 ἄτοπον.
990 1717 1126 1810 ἤδη
1117 1723 1301 1773 μέντοι
1322 1720 1456 1774 ποτέ
1470 1740 1536 1789 με
1555 1720 1646 1774 καὶ
1665 1723 1861 1788 εθραξε
1882 1718 1955 1789 μή

278 1819 329 1852 τι
347 1791 381 1870 ᾗ
402 1799 526 1866 περὶ
545 1798 773 1852 πάντων
791 1797 1020 1853 ταύτόν·
1059 1804 1240 1854 ἔπειτα
1271 1800 1404 1854 ὅταν
1434 1799 1604 1871 ταύτῃ
1636 1806 1776 1870 στῶ,
1816 1800 1957 1869 φεύ-

278 1902 395 1949 γων
423 1887 667 1949 οἴχομαι,
708 1884 889 1944 δείσας
917 1881 992 1951 μή
1023 1902 1154 1935 ποτε
1184 1889 1260 1945 εἰς
1287 1879 1395 1935 τιν’
1432 1880 1655 1975 άβυθον
1675 1887 1956 1984 φλυαρίαν

279 1960 531 2031 ἐμπεσών
552 1964 880 2032 διαφθαρῶ·
920 1966 1092 2018 ἐκεῖσε
1115 1960 1168 2017 δ’
1190 1984 1294 2017 ουν
1315 1959 1677 2032 ἀφικόμενος,
1703 1966 1779 2025 εἰς
1798 1959 1832 2015 ὁὶ
1850 1968 1957 2014 νῦν

280 2042 344 2113 δὴ
367 2043 623 2112 ἐλέγομεν
641 2046 796 2112 εἴδη
776 2047 933 2112 ἔχειν,
956 2046 1080 2114 περὶ
1099 2047 1279 2098 ἐκεῖνα
1299 2042 1818 2123 πραγματευόμενος
1838 2045 1958 2096 δια-

217 2138 251 2179 Ε
281 2128 464 2195 τρίβω.
520 2126 665 2189 Νέος
683 2123 790 2194 γὰρ
813 2122 863 2179 εἴ
879 2130 957 2179 ἔτι
967 2167 981 2199 ,
1027 2125 1202 2194 φάναι
1220 2122 1319 2178 τὸν
1338 2127 1722 2194 Παρμενίδην,
1763 2124 1804 2176 ώ
1827 2121 1958 2176 Σώ-

277 2228 486 2277 κρατες,
506 2209 596 2261 καὶ
616 2205 771 2261 οὔπω
789 2225 892 2262 σου
910 2205 1260 2278 ἀντείληπται
1280 2211 1597 2276 φιλοσοφία,
1620 2204 1691 2268 ὡς
1711 2209 1786 2258 ἔτι
1806 2200 1959 2257 ἀντι-

278 2286 505 2357 λήψεται
539 2286 660 2342 κατ’
702 2287 837 2358 ἐμὴν
877 2288 1069 2359 δόξαν,
1110 2288 1201 2344 ὅτε
1240 2286 1407 2344 οὐδὲν
1438 2286 1624 2342 αὐτῶν
1653 2285 1930 2354 ἀτιμάσεις
1945 2307 1955 2316 ·

279 2373 386 2423 νῦν
422 2367 480 2422 δὲ
518 2372 595 2422 ἔτι
634 2369 771 2437 πρὸς
806 2367 1127 2439 ἀνθρώπων
1166 2369 1492 2440 ἀποβλέπεις
1529 2368 1692 2432 δόξας
1729 2364 1818 2420 διά
1856 2364 1957 2436 τὴν

280 2447 513 2520 ἡλικίαν.

421 2534 484 2584 V.
562 2530 703 2584 Τόδε
725 2522 830 2583 οὖν
850 2551 942 2598 μοι
962 2532 1091 2585 εἰπέ.
1130 2534 1283 2585 δοκεῖ
1296 2548 1410 2599 σοι,
1435 2526 1506 2594 ὡς
1526 2529 1661 2601 φῄς,
1683 2526 1822 2582 εἶναι
1842 2530 1957 2582 εἴδη

283 2610 443 2677 ἄττα,
482 2603 563 2664 οἷν
591 2610 719 2664 τάδε
748 2609 812 2664 τα
844 2608 982 2665 ἄλλα
1012 2612 1504 2683 μεταλαμβάνοντα
1530 2608 1626 2673 τὰς
1647 2612 1954 2678 ἐπωνυμίας

171 2703 253 2747 131
284 2689 468 2745 αὐτῶν
502 2697 702 2760 ἴσχειν,
742 2687 863 2745 οἷον
894 2689 1213 2762 ὁμοιότητος
1241 2693 1342 2762 μὲν
1371 2691 1748 2761 μεταλαβόντα
1777 2689 1956 2759 ὅμοια,

284 2775 555 2842 μεγέθους
585 2771 643 2826 δὲ
674 2771 910 2840 μεγάλα,
950 2771 1187 2836 κάλλους
1216 2794 1273 2826 τε
1292 2773 1381 2826 καὶ
1402 2769 1754 2838 δικαιοσύνης
1776 2770 1955 2822 δίκαιά

283 2875 338 2908 τε
371 2854 460 2907 καὶ
490 2850 630 2908 καλοὶ
658 2858 962 2922 γίγνεσθαι.
1023 2853 1188 2907 Πάνυ
1216 2874 1305 2923 γε,
1344 2852 1519 2921 φάναι
1549 2847 1649 2904 τὸν
1666 2849 1958 2919 Σωκράτη.
