2028 3198
221 16 251 37 1„
281 0 585 43 ‘5135‘t-f2vr·
606 0 750 19 “f-⁶?
778 0 821 36 f*
845 0 890 46 «ξι
908 0 1050 28 ’-’-.·;

725 23 753 30 »-

0 148 100 198 ’31
606 141 1160 190 ΑΛΚῙΒΙΑΔΗΣ.
1625 139 1768 191 301.

44 281 312 352 βασιλέως
330 277 548 348 γενέσια
567 273 756 330 ἅπασα
773 273 907 329 θύει
926 274 1015 330 καὶ
1035 274 1276 342 ἑορτάζει
1295 271 1328 344 ἡ
1351 272 1501 329 Ἀσία
1516 295 1528 305 ·
1566 273 1728 345 ἡμῶν

45 362 106 417 δὲ
141 360 483 430 γενομένων,
532 353 592 411 τὸ
633 362 734 410 τοῦ
770 359 1200 429 κωμῳδοποιοῦ,
1238 353 1364 411 οὐδ’
1401 359 1458 411 οἶ
1490 360 1727 426 γείτονες
1754 365 1788 406 D

46 442 266 512 σφόδρα
285 438 675 506 αἰσθάνονται,
718 430 762 491 ὦ
777 434 1105 508 Ἀλκιβιάδη.
1137 434 1272 507 μετὰ
1290 443 1452 493 τοῦτο
1473 438 1730 506 τρέφεται

47 522 78 579 ὁ
96 534 247 593 παῖς,
286 519 387 591 οὐχ
406 518 516 575 ὑπὸ
536 517 800 590 γυναικὸς
820 525 1034 588 τροφοῦ
1054 515 1247 588 ὀλίγου
1267 516 1417 585 ἀξίας
1430 561 1444 587 ,
1483 516 1605 575 ἀλλ’
1627 516 1727 573 ὑπ’

46 602 332 674 εὐνούχων
362 607 418 658 οἳ
443 623 518 656 αν
539 604 745 655 δοκῶσι
775 606 887 655 τῶν
907 601 1031 669 περὶ
1057 603 1284 671 βασιλέα
1314 599 1528 669 ἄριστοι
1559 598 1727 656 εἶναι·

48 682 131 751 οἷς
148 684 214 741 τά
232 705 290 740 τε
310 683 449 740 ἄλλα
479 685 873 752 προστέτακται
902 683 1254 752 ἐπιμέλεσθαι
1273 688 1375 737 τοῦ
1402 685 1726 754 γενομένου,

48 769 140 823 καὶ
158 765 307 832 ὅπως
328 766 614 829 κάλλιστος
634 768 782 820 ἔσται
804 770 1175 835 μηχανᾶσθαι,
1198 762 1644 828 ἀναπλάττοντας
1660 762 1726 819 τὰ

47 852 181 920 μέλη
199 855 302 905 τοῦ
322 846 516 911 παιδὸς
534 847 623 902 καὶ
644 853 1059 914 κατορθοῦντας
1073 869 1083 878 ·
1114 848 1203 901 καὶ
1222 852 1393 900 ταῦτα
1412 849 1652 914 δρῶντες
1671 849 1731 900 έν

12 964 21 969 x
46 930 258 1002 μεγάλῃ
286 937 415 1000 τιμῇ
446 934 598 985 εἰσίν.
637 928 865 983 ἐπειδὰν
894 927 954 983 δὲ
983 929 1215 991 ἑπτέτεις
1243 929 1512 996 γένωνται
1531 930 1587 982 οί
1603 938 1730 982 παῐ-
1762 939 1795 979 Ε

49 1015 164 1081 δες,
201 1014 289 1069 ἐπὶ
315 1010 449 1076 τούς
474 1014 680 1074 ἵππους
708 1011 799 1065 καὶ
827 1010 914 1065 ἐπὶ
943 1009 1074 1074 τούς
1109 1008 1324 1063 τούτων
1362 1007 1729 1071 διδασκάλους

47 1100 306 1164 φοιτῶσι,
344 1095 435 1149 καὶ
469 1093 556 1148 ἐπὶ
583 1091 680 1156 τὰς
707 1090 887 1162 θήρας
915 1090 1178 1161 ἄρχονται
1210 1091 1374 1146 ι’έναι·
1415 1091 1496 1154 δὶς
1514 1088 1648 1146 ἑπτά
1670 1091 1728 1144 δὲ

47 1174 353 1246 γενόμενον
381 1177 520 1230 ἐτῶν
548 1173 647 1228 τόν
670 1177 836 1228 παῖδα
859 1171 1392 1244 παραλαμβάνουσιν
1413 1169 1510 1236 οὓς
1529 1173 1728 1228 ἐκεῖνοι

49 1263 361 1334 βασιλείους
381 1254 769 1327 παιδαγωγοὺς
790 1253 1155 1324 ὀνομάζουσιν
1170 1277 1182 1289 ·
1226 1256 1326 1311 εἰσὶ
1349 1254 1407 1310 δὲ
1426 1257 1731 1326 ἐξειλεγμέ-

50 1362 138 1396 νοι
156 1344 394 1408 Περσῶν
424 1341 480 1392 oc
505 1336 716 1406 ἄριστοι
738 1337 995 1403 δόξαντες
1023 1338 1084 1392 ἐν
1107 1334 1288 1409 ἡλικίᾳ
1308 1339 1578 1407 τέτταρες,
1618 1336 1651 1393 ὅ
1673 1358 1731 1392 τε

51 1421 371 1493 σοφώτατος
400 1422 490 1476 καὶ
521 1418 550 1476 ὁ
582 1419 923 1485 δικαιότατος
952 1417 1092 1475 καὶὸ
1113 1422 1566 1489 σωφρονέστατος
1587 1416 1726 1475 καὶὸ

48 1504 445 1574 ἀνδρειότατος.
487 1495 567 1557 (ἦν
608 1500 637 1558 ὁ
657 1506 758 1573 μὲν
791 1507 1022 1573 μαγείαν
1051 1522 1108 1556 τε
1139 1501 1385 1557 διδάσκει
1412 1500 1514 1572 τὴν
1542 1509 1732 1570 Ζωρο-
1766 1512 1845 1556 122

49 1586 260 1656 άστρου
279 1591 382 1639 τοῦ
394 1582 727 1654 Ὡρομάζου·
757 1588 868 1639 ἔστι
890 1582 948 1639 δὲ
965 1590 1128 1639 τοῦτο
1149 1590 1303 1638 θεῶν
1328 1589 1622 1653 θεραπεία·
1646 1586 1732 1639 δι-

52 1667 242 1723 δάσκει
274 1666 332 1723 δὲ
363 1670 451 1721 καὶ
481 1665 546 1721 τά
579 1666 862 1736 βασιλικά·
901 1664 931 1722 ὁ
966 1666 1023 1722 δὲ
1053 1664 1393 1730 δικαιότατος
1429 1664 1731 1736 ἀληθεύειν

52 1747 141 1804 διὰ
162 1747 366 1813 παντὸς
394 1753 494 1803 τοῦ
522 1754 671 1820 βίον·
709 1745 738 1804 ὁ
772 1747 829 1803 δὲ
848 1747 1301 1818 σωφρονέστατος
1319 1744 1447 1818 μηδ’
1476 1744 1584 1801 ὑπὸ
1605 1753 1732 1818 μιᾶς

51 1830 322 1902 ἄρχεσθαι
351 1836 464 1885 τῶν
492 1829 740 1902 ἡδονῶν,
774 1832 866 1885 ἴνα
897 1829 1194 1897 ἐλεύθερος
1223 1827 1362 1884 εἶναι
1380 1830 1621 1900 ἐθίζηται
1640 1829 1732 1884 καὶ

51 1912 226 1976 ὅντως
254 1910 539 1983 βασιλεύς,
576 1910 765 1989 ᾇρχων
784 1916 1008 1980 πρῶτον
1036 1917 1149 1966 τῶν
1177 1913 1237 1966 ἐν
1269 1907 1448 1982 αὐτῷ,
1487 1908 1627 1967 ἀλλὰ
1658 1910 1731 1982 μή

53 1994 365 2051 δουλεύων·
403 1991 432 2049 ὁ
473 1993 531 2049 δὲ
572 1991 959 2062 ἀνδρειότατος
995 1992 1216 2066 ἄφοβον
1251 1995 1340 2049 καὶ
1377 1991 1509 2050 ἀδεᾶ
1552 2013 1734 2062 παρα-

0 2100 2 2139 y
53 2076 330 2143 σκευάζει,
367 2073 440 2140 ὡς
458 2074 594 2131 ὅταν
613 2078 766 2147 δείσῃ
789 2079 994 2131 δοῦλον
1013 2074 1162 2131 ὅντα.
1188 2078 1274 2131 σοὶ
1295 2074 1367 2143 δ’,
1390 2068 1433 2130 ὦ
1458 2072 1732 2146 Ἀλκιβιά-

12 2222 19 2236 Ι
53 2161 151 2227 δη,
201 2162 472 2228 Περικλῆς
514 2158 772 2227 ἐπέστησε
816 2155 1171 2228 παιδαγωγὸν
1208 2163 1320 2212 τῶν
1366 2162 1599 2213 οἰκετῶν
1634 2155 1731 2212 τὸν
1764 2172 1792 2213 Β

11 2235 22 2280 ἕ
51 2235 407 2308 ἀχρειότατον
428 2235 534 2293 ὑπὸ
557 2238 757 2309 γήρως,
781 2239 1057 2309 Ζώπυρον
1071 2261 1170 2295 τον
1184 2244 1393 2313 Θρακα
1415 2242 1652 2310 διῆλθον
1672 2239 1732 2295 δὲ

12 2280 141 2390 {nal
172 2317 274 2390 τῆν
302 2317 476 2390 ἄλλην
503 2342 576 2375 αν
604 2335 691 2375 σοι
721 2341 834 2375 των
859 2318 1114 2390 ἀνταγων
1117 2327 1285 2377 ιστων
1312 2320 1529 2394 τροφήν
1546 2342 1612 2378 τε
1642 2323 1733 2378 καὶ

15 2391 332 2467 Νπαιδείαν,
373 2406 423 2455 εἰ
438 2402 510 2471 μὴ
533 2399 678 2457 πολύ
697 2396 915 2471 ἔργον
880 2424 978 2473 ην·
1015 2401 1158 2459 καὶ
1124 2425 1235 2474 αμα
1255 2409 1428 2460 ταῦτα
1447 2403 1612 2461 ἱκανὰ
1633 2407 1734 2476 δη-

16 2477 302 2581 {Almam
253 2483 343 2537 καὶ
366 2476 536 2537 τᾶλλα
565 2478 670 2538 ὅσα
690 2482 904 2548 τούτοις
932 2483 1236 2541 ἀκόλουθα.
1267 2494 1362 2558 τῆς
1381 2488 1438 2542 δὲ
1457 2492 1556 2557 σῆς
1574 2489 1733 2557 γενέ-

30 2579 215 2632 τσεως,
259 2556 302 2619 ὦ
338 2562 676 2635 Ἀλκιβιάδη,
717 2566 806 2621 καὶ
835 2572 1045 2638 τροφῆς
1074 2570 1163 2625 καὶ
1183 2572 1458 2639 παιδείας,
1495 2565 1530 2640 ἢ
1562 2568 1735 2624 ἄλλον

50 2641 291 2701 ὁτουοῦν
313 2642 487 2716 Ἀθηι
479 2651 652 2715 αίων,
676 2643 748 2711 ὦς
766 2651 895 2713 ἔπος
915 2654 1112 2719 εἰπεῖν,
1134 2647 1322 2708 οὐδενὶ
1339 2652 1506 2722 μέλει,
1528 2648 1666 2722 εἰμὴ
1690 2657 1742 2706 εἴ

51 2746 131 2791 τις
158 2727 388 2799 ἐραστής
419 2745 523 2783 σου
552 2728 807 2799 τυγχάνει
837 2752 930 2786 ων.
973 2736 1024 2787 εἰ
1050 2730 1099 2786 δ’
1134 2724 1207 2787 αὖ
1238 2733 1449 2797 ἐθέλοις
1469 2736 1544 2797 είς
1563 2731 1736 2789 πλού-

6 2802 10 2815 ’
52 2826 182 2873 τους
200 2805 410 2882 ἀποβλε
412 2822 506 2876 ψαι
527 2811 615 2866 καὶ
638 2809 851 2882 τρυφὰς
869 2815 954 2869 καὶ
978 2815 1216 2885 ἐσθῆτας
1234 2817 1463 2886 ἱματίων
1481 2811 1543 2870 θ’
1565 2815 1732 2881 ἕλξεις
1763 2826 1795 2869 c
