2028 3198
273 133 341 186 70
878 128 1382 186 HAATSAENOS'

270 290 370 324 τον
391 270 823 340 ἀπεργάζεσθον,
844 265 904 324 τὸ
928 267 987 323 δὲ
1006 265 1184 323 ποσὸν
1202 266 1544 338 ἀφανίζετον.
1577 267 1607 325 ὃ
1627 268 1733 340 γὰρ
1755 272 1949 341 ἐλέχθη

272 357 381 405 νῦν
401 351 497 421 δή,
528 348 600 421 μὴ
624 348 965 421 ἀφανίσαντε
983 350 1043 405 τὸ
1073 349 1277 422 ποσόν,
1310 349 1431 407 ἀλλ’
1469 352 1699 409 εὀἔσαντε
1728 351 1864 409 αὐτό
1894 375 1951 409 τε

266 435 358 487 καὶ
388 431 444 487 τὸ
469 434 692 502 μέτριον
711 434 773 487 ἐν
799 436 865 503 τῇ
894 437 996 485 τοῦ
1024 438 1235 501 μᾶλλον
1273 435 1363 489 καὶ
1395 426 1561 505 ἦττον
1599 438 1691 491 καὶ
1732 436 1951 505 σφόδρα

202 521 234 562 D
267 515 356 569 καὶ
377 511 550 585 ἠρέμα
580 515 715 587 ἕδρα
747 516 1097 585 ἐγγενέσθαι,
1130 513 1269 569 αὐτοὶ
1299 519 1446 586 ἔρρει
1463 522 1634 572 ταῦτα
1655 520 1714 573 ἐκ
1733 524 1829 588 τῆς
1846 516 1951 572 αὑ-

267 602 380 651 τοῖν
397 596 577 666 χώρας
598 599 657 651 ἐν
674 589 714 669 ᾗ
731 598 877 667 ἐνῆν.
912 593 980 651 οὐ
999 594 1106 667 γὰρ
1127 601 1205 652 ε”τι
1222 598 1564 668 θερμότερον
1585 598 1716 655 οὐδὲ
1736 601 1950 672 ψυχρό-

267 699 430 747 τερον
461 686 610 749 εἴτην
635 674 707 732 ἂν
736 678 970 750 λαβόντε
999 676 1059 733 τὸ
1087 679 1291 734 ποσόν·
1330 693 1609 750 προχωρεῖ
1632 680 1739 751 γὰρ
1770 680 1948 738 καὶού

264 765 417 831 μένει
442 761 507 816 τό
531 783 588 816 τε
617 760 962 831 θερμότερον
992 758 1073 816 ἀεὶ
1107 761 1198 815 καὶ
1217 760 1277 815 τό
1301 761 1643 832 ψυχρότερον
1668 760 1947 834 ὡσαύτως,

263 841 325 897 τὸ
359 845 416 898 δὲ
443 842 621 898 ποσὸν
649 847 774 913 ἔστη
804 844 895 898 καὶ
923 842 1121 914 προϊὸν
1145 843 1438 900 ἐπαύσατο.
1480 845 1618 901 κατὰ
1651 845 1716 917 δὴ
1747 853 1949 902 τοῦτον

262 925 362 980 τὸν
380 924 551 995 λόγον
568 923 802 995 ἄπειρον
818 922 1038 996 γίγνοιτ’
1062 921 1133 980 ὅίν
1152 925 1212 980 τὸ
1233 927 1579 998 θερμότερον
1597 931 1688 984 καὶ
1708 927 1948 984 τούναν-

261 1013 381 1063 τίον
400 1007 527 1078 ἅμα.

401 1095 571 1146 ΠΡῼ.
630 1095 889 1145 Φαίνεται
919 1096 1087 1159 γοῦν,
1131 1114 1174 1147 ω
1194 1092 1514 1160 Σώκρατες·
1555 1098 1666 1147 ἐστι
1699 1091 1748 1147 δ’
1758 1091 1945 1161 ,όπερ

198 1181 232 1222 Ε
263 1170 434 1241 εἶπες,
475 1171 543 1228 οὐ
574 1172 736 1244 ῥάδια
756 1195 927 1227 ταυτα
954 1175 1311 1237 ξυνέπεσθαι·
1348 1172 1408 1229 τὸ
1432 1177 1490 1229 δὲ
1510 1179 1760 1239 εἰσαῦθίς
1780 1196 1835 1229 τε
1857 1176 1945 1229 καὶ

261 1248 428 1320 αὖθις
457 1263 588 1319 ἴσως
615 1256 881 1325 λεχθέντα
908 1255 1008 1308 τόν
1036 1276 1093 1308 τε
1124 1258 1409 1323 ἐρωτῶντα
1430 1257 1520 1310 καὶ
1542 1253 1643 1310 τὸν
1661 1255 1947 1327 ἐρωτωμε-

261 1358 364 1392 νον
383 1340 587 1400 ἱκανῶς
605 1332 676 1391 ἄν
697 1342 1135 1407 ξυμφωνοῦντας
1153 1334 1509 1407 αποφήνειεν.

401 1424 526 1474 ΣΩ.
581 1416 729 1473 Ἀλλ’
752 1411 815 1472 εὗ
836 1419 937 1488 μὲν
956 1420 1144 1489 λέγεις,
1168 1422 1257 1474 καὶ
1278 1423 1566 1488 πειρατέον
1585 1419 1730 1476 οὕτω
1749 1431 1941 1475 ποιεῖν.

262 1507 369 1556 νῦν
396 1503 584 1573 μέντοι
614 1500 779 1570 ἄθρει
810 1507 905 1571 τῆς
924 1508 1026 1556 τοῦ
1045 1499 1277 1570 ἀπείρου
1297 1503 1519 1572 φύσεως
1540 1508 1588 1558 εἰ
1603 1509 1766 1557 τοῦτο
1789 1503 1945 1568 δεξό-

260 1592 407 1655 μεθα
426 1595 652 1655 σημεῖον
665 1627 679 1655 ,
701 1588 792 1639 ἵνα
815 1584 889 1655 μὴ
909 1582 1070 1639 πάντ’
1096 1584 1398 1649 ἐπεξιόντες
1416 1585 1765 1655 μηκύνωμεν.

399 1672 568 1722 ΠΡΩ.
631 1667 704 1722 Τὸ
727 1678 887 1722 ποῖον
909 1664 974 1738 δὴ
998 1669 1195 1735 λέγεις;

401 1755 524 1805 ΣΩ.
579 1747 767 1804 Ὁπόσ’
799 1744 871 1802 ἂν
899 1746 1030 1818 ἡμῖν
1059 1748 1318 1819 φαίνήται
1349 1749 1560 1818 μᾶλλόν
1586 1771 1643 1805 τε
1672 1752 1761 1805 καὶ
1779 1742 1944 1820 ἧττον

259 1831 562 1902 γιγνόμενα
582 1834 674 1886 καὶ
700 1829 761 1885 τὸ
786 1829 1007 1900 σφόδρα
1026 1832 1116 1885 καὶ
1135 1829 1310 1901 ἠρέμα
1333 1831 1599 1900 δεχόμενα
1628 1831 1798 1886 καὶτὸ
1820 1837 1943 1886 λίαν

177 1930 232 1973 25
262 1916 352 1970 καὶ
373 1913 478 1968 ὅσα
496 1919 723 1968 τοιαῦτα
745 1911 941 1981 πάντα,
964 1915 1039 1974 εἰς
1056 1909 1117 1965 τὸ
1139 1918 1242 1966 τοῦ
1261 1910 1493 1979 ἀπείρου
1514 1913 1674 1980 γένος
1694 1910 1767 1975 ὡς
1787 1917 1862 1976 εἰς
1883 1915 1942 1966 ἓν

261 2001 347 2052 δεῖ
361 1996 540 2053 πάντα
559 2001 730 2050 ταῦτα
743 1995 967 2048 τιθέναι
980 2034 994 2060 ,
1033 1991 1172 2046 κατὰ
1193 1991 1290 2047 τὸν
1310 1996 1624 2062 ἔμπροσθεν
1645 1994 1840 2063 λόγον,
1877 1992 1942 2049 ὃν

260 2083 499 2149 ἔφαμεν,
548 2075 653 2132 ὅσα
702 2079 1020 2130 διέσπασται
1065 2076 1154 2130 καὶ
1194 2077 1486 2144 διέσχισται
1524 2077 1942 2146 συναγαγόντας

260 2167 455 2232 χρῆναι
474 2157 611 2215 κατὰ
633 2158 873 2228 δύναμιν
893 2162 1025 2228 μίαν
1047 2159 1508 2227 ἐπισημαίνεσθαί
1522 2178 1644 2214 τινα
1666 2158 1865 2228 φύσιν,
1897 2163 1945 2212 εἰ

260 2246 545 2313 μέμνησαι.

403 2329 570 2378 ΠΡΩ.
626 2325 943 2393 Μέμνημαι.

406 2411 530 2461 ΣΩ.
594 2404 824 2461 Οὐκοῦν
843 2404 908 2460 τὰ
930 2403 1002 2475 μὴ
1025 2402 1290 2473 δεχόμενα
1310 2408 1508 2470 ταῦτα,
1543 2402 1759 2457 τούτων
1790 2402 1849 2457 δὲ
1877 2400 1941 2456 τὰ

222 2511 225 2514 ·
264 2491 487 2545 ἐναντία
507 2486 687 2542 πάντα
708 2486 990 2557 δεχόμενα,
1012 2492 1232 2557 πρῶτον
1252 2483 1351 2553 μὲν
1370 2482 1431 2538 τὸ
1454 2491 1576 2539 ἴσον
1595 2486 1686 2539 καὶ
1702 2484 1938 2582 ἰσότητα,

266 2569 400 2642 μετὰ
433 2573 491 2625 δὲ
520 2570 580 2625 τὸ
614 2578 738 2625 ἴσον
767 2568 827 2624 τὸ
863 2569 1154 2624 διπλασιον
1183 2569 1274 2622 καὶ
1304 2573 1414 2621 πᾶν
1443 2565 1474 2621 ὅ
1504 2570 1559 2620 τί
1573 2585 1685 2632 περ
1715 2562 1786 2618 ὅὶν
1805 2563 1942 2631 πρὸς

202 2675 235 2715 Β
267 2651 516 2725 ἆριθμόν
551 2649 792 2722 ἀριθμὸς
821 2648 856 2721 ἢ
884 2653 1084 2722 μέτρον
1111 2644 1147 2722 ᾗ
1165 2649 1302 2720 πρὸς
1331 2651 1558 2719 μέτρον,
1595 2653 1765 2700 ταῦτα
1804 2645 1933 2714 ξύμ-

265 2756 443 2791 παντα
475 2740 550 2799 εἰς
577 2733 637 2790 τὸ
668 2735 836 2804 πέρας
875 2732 1325 2803 άπολογιζόμενοι
1361 2735 1540 2791 καλως
1575 2749 1646 2782 αν
1684 2730 1938 2796 δοκοῖμεν

269 2822 411 2889 δραν
428 2823 616 2872 τοῦτο·
635 2812 672 2888 ἢ
695 2821 810 2879 πῶς
829 2833 898 2869 συ
922 2815 1053 2887 φῄς;
