2028 3198
738 155 1141 207 ΦΙΛΗΒΟΣ.
1707 151 1776 204 85

97 300 204 369 θὴς
222 296 362 367 αὕτη
379 300 633 366 γίγνηται
648 297 763 346 τῶν
782 296 1026 359 σεισμῶν
1042 295 1157 344 τῶν
1173 292 1278 344 τοῦ
1296 301 1564 360 σωματος,
1580 283 1654 360 ἣν
1670 292 1775 344 νῦν

94 380 279 452 λήθην
296 383 506 444 καλεῖς,
533 371 907 442 ἀναισθησίαν
925 370 1291 441 ἐπονόμασον.
1808 371 1865 416 34

237 463 405 515 ΠΡΩ.
443 455 716 526 Ἕμαθον.

235 545 363 597 Σῼ.
418 536 494 593 Τό
515 535 568 592 δ’
591 539 653 591 ἐν
677 535 759 591 ἑνὶ
775 532 950 589 πάθει
969 532 1073 603 τὴν
1089 531 1275 602 ψυχὴν
1292 534 1384 589 καὶ
1402 531 1462 589 τὸ
1483 539 1642 605 σῶμα
1660 555 1780 590 κοι-

95 633 167 699 νῇ
184 622 520 696 γιγνόμενον
537 625 699 692 κοινῇ
718 619 811 673 καὶ
829 624 1134 686 κινεῖσθαι,
1172 615 1382 686 ταύτην
1403 614 1455 671 δ’
1481 639 1553 670 αυ
1574 614 1678 687 τὴν
1693 621 1782 672 κί-

96 722 258 776 νησιν
285 701 574 774 ὀνομάζων
604 707 872 770 αἴσθησιν
900 696 1004 753 οὐκ
1033 696 1141 751 ἄπο
1175 695 1391 766 τρόπον
1411 695 1670 767 φθέγγοι’
1691 696 1777 752 άν.

237 790 407 841 ΠΡΩ.
462 782 832 854 Ἀληθέστατα
852 781 1038 850 λέγεις.

237 870 363 923 ΣΩ.
414 862 646 920 Οὐκοῦν
662 862 768 934 ἤδη
788 860 1173 932 μανθάνομεν,
1195 855 1226 913 ὃ
1246 857 1573 929 βουλόμεθα
1592 865 1782 914 καλεῖν

97 947 199 1018 τὴν
217 956 508 1017 αἴσθησιν;

236 1032 408 1083 ΠΡῼ.
472 1031 543 1081 Τί
555 1026 693 1096 μήν;

238 1114 364 1167 ΣΩ.
419 1112 716 1179 Σωτηρίαν
742 1113 936 1162 τοίνυν
965 1105 1280 1176 αἰσθήσεως
1307 1103 1410 1176 τὴν
1440 1104 1664 1176 μνήμην
1693 1106 1785 1160 λε’-

94 1212 213 1261 γων
230 1188 418 1260 ὀρθῶς
438 1188 509 1244 ἄν
526 1211 607 1253 τις
627 1192 776 1259 λέγοι
796 1186 933 1243 κατά
952 1208 1014 1257 γε
1035 1184 1136 1257 τὴν
1156 1185 1294 1258 ἐμὴν
1314 1187 1496 1252 δόξαν.
1811 1197 1845 1236 Β

236 1275 408 1326 ΠΡΩ.
457 1268 675 1338 Ὀρθῶς
693 1268 801 1339 γὰρ
822 1264 944 1324 οὖν.

239 1356 363 1407 ΣΩ.
423 1351 667 1421 Μνήμης
718 1355 775 1406 δὲ
814 1349 1128 1421 ἀνάμνησιν
1166 1343 1258 1419 ἆρ’
1299 1348 1368 1405 οὐ
1404 1351 1785 1421 διαφέρουσαν

0 1429 3 1435 ’
100 1435 358 1502 λέγομεν;

238 1516 410 1567 ΠΡΩ.
453 1511 626 1576 Ἴσως.

243 1597 369 1649 ΣΩ.
415 1586 531 1662 Ἆρ’
555 1587 661 1647 οὖν
679 1591 748 1648 οὐ
766 1593 920 1658 τόδες

245 1678 412 1729 ΠΡΩ.
471 1673 546 1729 Τὸ
567 1685 752 1738 ποῖον;

243 1759 368 1811 ΣΩ.
410 1753 579 1810 ’Ὅταν
598 1751 631 1809 ἃ
650 1756 783 1825 μετὰ
803 1761 904 1810 τοῦ
926 1755 1178 1827 σώματος
1197 1756 1401 1826 ἔπασχέ
1415 1754 1543 1812 ποθ’
1566 1755 1602 1827 ἡ
1620 1756 1786 1829 ψυχή,

100 1833 256 1892 ταῦτ’
290 1834 428 1891 ἄνευ
456 1842 557 1891 τοῦ
577 1836 826 1907 σώματος
843 1835 980 1908 αὐτὴ
1003 1840 1063 1892 ἐν
1081 1839 1247 1909 ἑαυτῇ
1267 1835 1301 1891 δ’
1323 1858 1374 1892 τι
1393 1837 1626 1908 μάλιστα
1647 1836 1753 1895 ἀνα
1791 1870 1802 1883 -

102 1916 386 1988 λαμβάνῃ,
408 1916 532 1971 τότε
555 1914 1083 1988 άναμιμνήσκεσθαί
1097 1939 1208 1974 που
1229 1919 1460 1989 λέγομεν
1474 1941 1485 1951 ·
1506 1913 1542 1990 ἦ
1561 1919 1697 1991 γάρ;

240 2003 411 2053 ΠΡΩ.
467 1998 634 2053 Πάνυ
653 1998 755 2069 μὲν
774 1993 893 2054 οὖν.

242 2083 366 2135 ΣΩ.
421 2082 529 2135 Καὶ
558 2078 671 2151 μὴν
700 2082 791 2136 καὶ
820 2079 956 2136 ὅταν
984 2079 1301 2136 ἀπολέσασα
1330 2081 1554 2153 μνήμην
1573 2088 1678 2137 εἴτε
1698 2087 1785 2137 αἰ-

0 2152 9 2203 '‚
102 2158 355 2229 σθήσεως
373 2159 462 2217 εἰτ’
486 2154 560 2216 αὖ
578 2162 904 2233 μαθήματος
924 2155 1091 2226 αὖθις
1107 2161 1316 2232 ταύτην
1334 2161 1586 2233 άναπολή
1591 2178 1659 2235 σῃ
1677 2163 1787 2218 πά-

0 2246 17 2306 ]
101 2244 190 2294 λιν
218 2237 356 2312 αὐτὴ
385 2244 447 2297 ἐν
475 2242 670 2314 ἑαυτῇ,
712 2244 802 2297 καὶ
831 2248 1005 2297 ταῦτα
1035 2242 1320 2312 ξύμπαντα
1341 2241 1676 2316 ἀναμνήσεις
1692 2247 1783 2300 καὶ
1815 2259 1847 2302 c

100 2320 321 2392 μνήμας
340 2341 450 2377 που
469 2325 715 2393 λέγομεν.

241 2407 409 2460 ΠΡΩ.
455 2399 668 2472 Ὀρθῶς
689 2407 876 2474 λέγεις.

245 2487 370 2538 ΣΩ.
432 2477 520 2539 Οὖ
551 2485 617 2556 ὀὴ
638 2486 802 2556 χάριν
820 2484 1023 2541 ἅπαντ’
1046 2495 1253 2559 εἴρηται
1271 2494 1471 2559 ταῦτα,
1508 2493 1622 2545 ἔστι
1640 2489 1781 2545 τόδε.

243 2568 411 2619 ΠΡΩ.
473 2563 548 2620 Τὸ
569 2577 758 2631 norom

243 2649 368 2701 252.
392 2643 512 2701 Ἵνα
529 2644 637 2718 ἤδη
655 2645 759 2718 τήν
778 2653 873 2717 τῆς
892 2656 1067 2721 ψυχῆς
1080 2647 1292 2723 ἡδονὴν
1308 2652 1471 2722 χωρὶς
1487 2650 1736 2722 σώματος
1753 2650 1786 2707 ὅ

11 2720 21 2775 .’
104 2746 152 2780 τι
170 2726 405 2797 μάλιστα
425 2729 516 2783 καὶ
533 2730 899 2798 ἐναργέστατα
915 2729 1196 2803 λάβοιμεν,
1218 2734 1309 2788 καὶ
1324 2730 1437 2803 ἅμα
1455 2734 1783 2803 ἐπιθυμίαν·

8 2805 28 2839 ι

10 2850 25 2897 5

0 2898 34 2958 ῑΙ.»

0 2949 56 3198 ἱ,

101 2806 191 2861 διὰ
211 2806 316 2876 γὰρ
337 2808 553 2864 τούτων
572 2829 687 2875 πως
706 2818 876 2866 ταῦτα
897 2809 1182 2886 ἀμφότερα
1202 2818 1344 2870 ἔοικε
1366 2819 1692 2885 δηλοῦσθαι.
