2028 3198
196 141 265 193 60
798 142 1270 190 ΠΛΑΤῼΝΟΣ

337 283 460 332 Σῼ.
510 274 651 331 Ἀλλ’
687 274 842 330 οὔπω
873 272 1047 344 σοφὸς
1078 271 1150 329 o'c'v
1179 282 1292 345 εἴης
1309 273 1412 345 τὴν
1429 275 1700 348 μουσικὴν
1724 278 1879 342 εἰδώς

195 364 368 412 ταῦτα
388 356 551 426 μόνα,
573 353 647 426 μὴ
663 355 730 410 ’δὲ
750 352 908 420 εἰδώς
928 353 1002 419 ὥς
1019 353 1063 424 γ’
1088 359 1216 420 ἔπος
1235 360 1408 410 εἰπεῖν
1428 361 1504 420 εἰς
1524 364 1694 411 ταῦτα
1716 355 1879 412 οὐδε»

195 437 293 502 νὸς
311 437 460 502 ἄξιος
481 441 606 491 ἔσει.

332 523 500 574 ΠΡΩ.
559 517 644 573 Οὐ
668 518 776 589 γὰρ
797 513 916 574 οὖν.

331 604 455 654 ΣΩ.
512 598 675 668 Ἀλλ’,
720 594 765 654 ὦ
795 605 947 670 φίλε,
992 597 1218 654 ἐπειδὰν
1247 599 1420 672 λάβῃς
1451 599 1516 655 τὰ
1538 602 1875 672 διαστήματα

194 678 375 735 ὁπόσα
405 681 518 736 ἐστὶ
545 679 645 735 τὸν
676 679 924 752 άριθμὸν
952 686 1048 751 τῆς
1075 688 1267 751 φωνῆς
1286 679 1545 752 ὀξύτητός
1564 705 1621 738 τε
1643 685 1767 752 πέρι
1785 687 1875 739 καὶ

131 775 164 815 D
196 762 529 833 βαρύτητος,
562 763 653 817 καὶ
673 759 863 832 ὁποῖα,
897 763 988 816 καὶ
1007 760 1139 825 τοὺς
1157 758 1323 831 ὅρους
1342 769 1456 816 τῶν
1476 765 1874 835 διαστημάτων,

193 844 283 898 καὶ
302 843 369 899 τὰ
388 845 447 898 ἐκ
478 843 692 898 τούτων
723 841 827 898 ὅσα
858 843 1176 914 συστήματα
1204 845 1460 914 γέγονεν,
1499 842 1535 899 ὁὶ
1561 845 1875 910 κατιδόντες

192 929 249 980 οἱ
262 925 516 996 πρόσθεν
535 930 850 994 παρέδοσαν
864 924 994 997 ἡμῖν
1011 938 1123 990 τοῖς
1140 927 1424 997 ἑπομένοις
1440 929 1670 992 ἐκείνοις
1687 935 1875 983 καλεῖν

192 1008 332 1065 αὐτὰ
355 1007 635 1081 ἁρμονίας,
660 1015 720 1065 ἕν
736 1032 793 1065 τε
811 1022 924 1074 ταῖς
940 1010 1223 1081 κινήσεσιν
1239 1004 1311 1064 αὖ
1331 1015 1431 1065 τοῦ
1448 1011 1697 1081 σώματος
1716 1013 1872 1080 ἕτερα

190 1098 418 1147 τοιαῦτα
437 1091 632 1147 ἐνόντα
649 1092 803 1163 πάθη
819 1092 1137 1162 γιγνόμενα,
1160 1086 1193 1146 ἃ
1215 1090 1279 1162 δὴ
1305 1091 1368 1146 δι’
1392 1090 1652 1162 άριθμῶν
1670 1115 1872 1164 μετρη-

190 1178 366 1228 θέντα
389 1178 504 1229 δεῖν
524 1168 597 1228 αὖ
619 1176 753 1244 φασὶ
786 1171 1043 1243 ῥυθμοὺς
1072 1175 1161 1227 καὶ
1179 1175 1348 1243 μέτρα
1368 1173 1752 1244 ἐπονομάζειν,
1782 1177 1871 1229 καὶ

190 1251 303 1325 ἅμα
323 1258 562 1324 ἐννοεῖν,
595 1254 668 1320 ὥς
699 1254 846 1310 οὕτω
879 1259 966 1309 δεῖ
990 1257 1115 1322 περὶ
1144 1253 1350 1317 παντὸς
1379 1254 1502 1317 ἑνός
1529 1255 1620 1308 καὶ
1651 1261 1871 1310 πολλῶν

189 1348 430 1392 σκοπεῖν.
470 1335 605 1392 ὅταν
623 1334 732 1406 γὰρ
755 1335 925 1389 ταῦτά
944 1357 1002 1390 τε
1024 1335 1197 1406 λάβῃς
1216 1334 1361 1389 οὕτω
1375 1377 1388 1403 ,
1419 1334 1542 1390 τότε
1563 1337 1754 1404 ἐγένου
1774 1353 1871 1391 σο·-

124 1435 158 1474 Ε
189 1417 313 1486 φός,
335 1417 470 1472 ὅταν
489 1439 547 1472 τε
566 1416 699 1472 ἄλλο
734 1423 844 1471 τῶν
863 1416 1044 1472 ὄντων
1074 1419 1134 1471 ἓν
1153 1415 1345 1471 ὁτιοῦν
1363 1416 1534 1487 ταύτῃ
1555 1418 1868 1487 σκοπούμε-

187 1518 284 1562 νος
302 1500 443 1571 ἕλῃς,
466 1498 641 1562 οὕτως
661 1503 889 1568 ἔμφρων
907 1499 1028 1567 περὶ
1048 1498 1265 1552 τούτων
1281 1499 1512 1568 γέγονας
1528 1519 1539 1528 ·
1559 1496 1619 1552 τὸ
1646 1495 1694 1552 δ’
1711 1497 1870 1553 ἄπει-

189 1578 294 1647 ρόν
313 1596 374 1635 σε
394 1580 641 1636 ἑκάστων
660 1581 750 1634 καὶ
771 1582 831 1634 ἐν
852 1579 1101 1644 ἑκάστοις
1120 1586 1335 1650 πλῆθος
1364 1577 1594 1650 ἄπειρον
1607 1579 1867 1636 ἑκάστοτε

187 1672 334 1715 ποιεῖ
347 1667 448 1716 τοῦ
469 1674 699 1731 φρονεῖν
717 1663 808 1715 καὶ
830 1659 933 1716 οὐκ
953 1662 1242 1732 ἐλλόγιμον
1261 1659 1384 1716 οὐδ’
1412 1660 1746 1733 ἐνάριθμον,
1778 1661 1865 1717 ἅτ’

187 1738 290 1795 οὐκ
312 1747 387 1805 εἰς
406 1740 653 1812 ἀριθμὸν
672 1740 874 1796 οὐδένα
894 1745 952 1796 ἐν
972 1741 1159 1798 οὐδενὶ
1179 1743 1397 1797 πώποτε
1419 1740 1699 1797 άπιδόντα.

326 1828 455 1878 VIII.
509 1829 678 1877 ΠΡΩ.
734 1822 1031 1889 Κάλλιστα,
1056 1818 1100 1877 ὦ
1120 1830 1341 1894 Φίληβε,
1365 1828 1544 1893 ἔμοιγε
1561 1822 1627 1878 τοὶ
1648 1830 1755 1879 νῦν
1776 1831 1866 1880 λε·-

185 1902 395 1973 γόμενα
416 1905 692 1973 εἰρηκέναι
712 1910 962 1973 φαίνεται
979 1905 1295 1974 Σωκράτης.

101 1998 157 2043 18
331 1991 427 2040 ΦΙ.
484 1987 594 2040 Καὶ
619 1987 745 2055 ἐμοὶ,
765 1986 936 2040 ταῦτα’
964 2007 1026 2054 γε
1056 1984 1194 2040 αὐτά
1212 2007 1222 2017 ·
1261 1983 1397 2040 ἀλλὰ
1419 1990 1474 2040 τί
1490 1984 1558 2055 δή
1579 2006 1709 2039 ποτε
1728 2004 1865 2054 προς

185 2064 327 2137 ἡμᾶς
347 2064 376 2121 ὁ
398 2066 561 2136 λόγος
581 2060 744 2132 οὗτος
763 2073 871 2121 νῦν
891 2075 1098 2138 εἴρηται
1118 2069 1208 2122 καὶ
1228 2073 1281 2122 τί
1295 2088 1426 2122 ποτε
1446 2067 1809 2139 βουλόμενος;

324 2154 449 2203 ΣΩ.
502 2147 712 2219 Ὀρθῶς
731 2151 917 2219 μέντοι
935 2148 1104 2204 ταῦθ’
1125 2147 1283 2220 ἡμᾶς,
1307 2144 1350 2204 c5
1370 2147 1694 2219 Πρώταρχε,
1713 2146 1864 2218 ἠρώ-

183 2250 311 2298 τηκε
333 2235 586 2301 Φίληβος.

322 2317 491 2365 ΠΡΩ.
541 2311 705 2366 Πάνυ
725 2313 826 2381 μὲν
848 2306 969 2382 οὖν,
989 2315 1080 2368 καὶ
1100 2312 1407 2384 άποκρίνου
1426 2334 1487 2381 γε
1509 2310 1673 2385 αὐτῷ.

322 2398 448 2446 Σῼ.
488 2392 693 2463 Δράσω
712 2399 900 2462 ταῦτα,
922 2394 1163 2450 διελθών
1183 2394 1419 2465 σμικρὸν
1437 2398 1514 2449 ἔτι
1533 2397 1655 2463 περὶ
1675 2392 1861 2449 αὐτῶν

180 2473 410 2528 τούτων.
454 2472 638 2538 ὥσπερ
669 2472 775 2543 γὰρ
798 2477 857 2528 ἓν
890 2473 1081 2531 ὁτιοῦν
1103 2484 1154 2531 εἴ
1169 2482 1248 2539 τίς
1268 2496 1399 2530 ποτε
1419 2475 1604 2546 λάβοι,
1641 2481 1859 2539 τοῦτον,

183 2553 256 2618 ὤς
276 2575 486 2624 φαμεν,
522 2552 624 2608 οὐκ
656 2554 733 2608 ἐπ’
754 2554 987 2626 άπείρου
1009 2558 1181 2626 φύσιν
1201 2560 1287 2612 δεῖ
1298 2562 1520 2628 βλέπειν
1539 2555 1714 2620 εὐθὺς
1732 2551 1854 2610 ἄλλ’

180 2638 274 2691 ἐπί
288 2657 410 2691 τινα
429 2633 700 2705 ἀριθμόν,
735 2635 880 2691 οὕτω
902 2640 991 2693 καὶ
1011 2637 1071 2693 τό
1093 2641 1345 2694 ἐναντιον
1362 2637 1498 2693 ὅταν
1516 2660 1595 2701 τις
1614 2637 1673 2691 τὸ
1701 2636 1856 2690 άπει-

117 2732 149 2771 Β
181 2738 283 2782 ρον
315 2715 644 2788 ἀναγκασθῇ
675 2736 893 2786 πρωτον
927 2720 1253 2789 λαμβάνειν,
1292 2717 1364 2789 μὴ
1396 2720 1481 2773 ἐπὶ
1508 2717 1569 2772 τὸ
1603 2720 1662 2772 ἓν
1682 2713 1856 2780 εὐθὺς

178 2795 301 2851 ἀλλ’
322 2795 399 2852 ἐπ’
424 2797 671 2864 άριθμὸν
691 2800 762 2851 αὐ
781 2820 902 2853 τινα
924 2807 1139 2869 πλῆθος
1155 2802 1387 2855 εκαστον
1406 2797 1598 2868 ἔχοντά
1617 2819 1667 2851 τι
1686 2819 1851 2853 κατα-

2023 396 2028 477 i
