2028 3198
342 167 411 218 92
956 168 1426 217 ΠΛΑΤΩΝΟΣ

483 306 606 355 ΣΩ.
665 305 732 354 Τί
750 298 821 370 δ’,
856 295 927 354 ἄν
957 293 1028 353 αὗ
1061 299 1243 370 λύπην
1271 298 1307 370 ἤ
1335 321 1457 355 τινα
1476 297 1687 374 ἡδονὴν
1706 304 1905 375 περὶτὰ
1927 307 2019 378 ἐφ’

343 376 389 455 ςὸ
408 389 655 437 λυπεῖται
665 377 708 478 η’
723 380 1053 436 τούναντίον
1066 378 1497 451 ἁμαρτάνουσαν
1514 385 1822 455 ε’φορῶμεν,
1843 385 2025 460 ὀρθὴν

342 460 376 532 ἢ
395 461 639 534 χρηστὴν
658 460 693 532 ἤ
713 483 766 516 τι
788 484 900 517 των
923 468 1110 518 καλῶν
1129 460 1419 533 ὀνομάτων
1442 462 1583 562 αὐτῆ
1602 467 2022 539 προσθήσομεν,

479 549 647 599 ΠΡΩ.
694 540 830 599 ”Αλλ
853 542 952 614 οὐχ
969 540 1088 599 οἷόν
1103 565 1176 612 τε,
1199 552 1351 614 εἴπερ
1371 543 1740 616 ἁμαρτήσεταί
1753 547 2022 622 γεῆδονή.

481 629 605 680 ΣΩ.
656 626 758 680 Καὶ
775 622 885 696 μὴν
906 626 1051 679 ἔοικέ
1064 646 1127 694 γε
1142 623 1316 696 ἡδονὴ
1338 627 1600 691 πολλάκις
1619 626 1688 683 οὐ
1705 627 1839 699 μετὰ
1861 631 2023 702 δόξης

342 703 519 777 ὀρθῆς
540 704 679 762 ἄλλα
703 706 836 778 μετὰ
855 706 1098 772 ψεύδους
1116 703 1248 776 ἡμῖν
1269 713 1575 777 γίγνεσθαι.

482 793 652 844 ΠΡΩ.
707 794 838 852 Πῶς
868 786 973 858 γαρ
1006 786 1103 853 οὕς
1144 789 1235 843 καὶ
1263 786 1366 859 τὴν
1395 791 1495 859 μὲν
1525 790 1692 855 δόξαν
1708 813 1798 861 γε,
1827 786 1871 846 ὦ
1890 794 2019 848 Σω-

254 885 311 929 38
342 891 562 940 κρατες,
601 873 662 926 ἐν
691 876 766 942 τῷ
795 869 1027 942 τοιούτῳ
1056 870 1146 924 καὶ
1175 869 1296 923 τότε
1317 871 1576 939 ἐλέγομεν
1595 873 1801 942 ψευδῆ,
1839 870 1941 943 τήν
1961 871 2014 927 δ’

337 946 550 1021 ἡδονὴν
567 949 741 1021 αὐτὴν
762 950 941 1014 οὐδεὶς
959 949 1030 1005 ἄν
1049 970 1178 1005 ποτε
1199 956 1487 1021 προσείποι
1504 956 1696 1022 ψευδῆ.

484 1037 609 1087 ΣΩ.
670 1030 826 1087 Ἀλλά
869 1030 1174 1102 προθύμως
1203 1031 1431 1102 α’μύνεις
1467 1038 1542 1105 τῷ
1580 1039 1675 1103 τῆς
1705 1030 1936 1104 ἡδονῆς,
1975 1027 2018 1093 αἶ

336 1111 663 1182 Πρώταρχε,
685 1114 830 1187 λόγῳ
850 1112 911 1167 τοὶ
936 1120 1057 1168 νῦν.

477 1199 647 1249 ΠΡΩ.
706 1191 891 1250 Οὐδέν
908 1216 997 1265 γε,
1019 1193 1141 1250 ἄλλ’
1167 1194 1307 1265 άπερ
1329 1194 1514 1251 ἀκούω
1534 1199 1688 1266 λέγω.

479 1281 603 1330 ΣΩ
661 1280 929 1345 Διαφέρει
959 1276 1013 1330 δ’
1036 1274 1165 1346 ἡμιν
1186 1273 1378 1344 οὐδέν,
1412 1298 1453 1330 ω
1485 1277 1682 1345 ἑταῖρε,
1714 1274 1748 1348 ἡ
1769 1277 1902 1348 μετὰ
1921 1279 2018 1334 δό-

339 1363 430 1430 ξης
448 1379 506 1414 τε
527 1356 705 1462 ὀρθῆς
723 1359 814 1412 καὶ
848 1355 970 1427 μετ’
994 1357 1287 1428 ἐπιστήμης
1304 1355 1478 1428 ἡδονὴ
1499 1364 1593 1459 τῆς
1612 1356 1744 1429 μετὰ
1761 1380 1861 1414 τον
1882 1360 2018 1425 ψεύ-

340 1444 472 1505 δους
491 1441 582 1495 καὶ
602 1437 789 1502 άνοιάς
811 1439 1073 1503 πολλάκις
1091 1438 1338 1503 ἑκάστοις
1356 1436 1513 1509 ἡμων
1534 1442 1945 1511 ἐγγιγνομένηςς

275 1536 307 1574 Β
482 1526 651 1576 ΠΡΩ.
699 1519 866 1585 Εἰκὸς
884 1527 1025 1590 γοῦν
1044 1518 1116 1591 μὴ
1141 1519 1374 1590 σμικρὸν
1395 1521 1689 1590 διαφέρειν.

473 1609 652 1658 ΧΧΙΙΙ.
717 1606 841 1656 ΣΩ.
900 1607 1009 1672 Τῆς
1039 1599 1104 1670 δὴ
1138 1604 1408 1671 διαφορᾶς
1437 1599 1628 1656 αὐτοῖν
1656 1603 1742 1658 ε’πὶ
1771 1609 2020 1675 θεωρίαν

338 1690 604 1756 ἔλθωμεν.
761 1694 782 1706 “”

477 1777 646 1826 ΠΡΩ.
686 1770 816 1840 ’Ἁγε
832 1768 941 1839 ὅπη
962 1786 1049 1823 σοι
1069 1775 1332 1838 φαίνεται.

478 1857 602 1906 ΣΩ.
667 1855 810 1922 Τῇδε
831 1848 941 1920 δὴ’
918 1850 1050 1919 άγω.

476 1938 647 1989 ΠΡΩ.
702 1938 818 2002 Π7Ι;

479 2021 604 2071 ΣΩ.
659 2013 842 2083 Δόξα,
876 2013 1084 2083 φαμέν,
1125 2009 1255 2082 ἡμῖν
1282 2017 1393 2067 ἔστι
1422 2034 1523 2083 μεν
1552 2012 1785 2083 ψευδής,
1817 1965 1929 2067 ἔστι
1959 2012 2028 2074 δὲ

338 2096 430 2151 καὶ
449 2094 690 2167 άληθής;

475 2181 647 2232 ΠΡΩ.
690 2174 894 2232 '‘Eom.

477 2262 602 2313 ΣΩ.
647 2255 869 2312 Ἕπεται
888 2254 999 2327 μὴν
1019 2254 1258 2326 ταύταις,
1280 2253 1312 2310 ὃ
1329 2262 1438 2311 νῦν
1460 2254 1525 2327 δὴ
1547 2258 1820 2328 ἐλέγομεν,
1841 2254 2015 2327 ἡδονή

336 2338 428 2392 καὶ
445 2337 590 2407 λύπη
611 2338 900 2407 πολλάκις,
923 2336 1125 2408 άληθεῖ
1138 2338 1228 2393 καὶ
1247 2340 1444 2403 ψευδεῖ
1457 2337 1587 2409 δόξῃ
1605 2338 1762 2408 λέγω.
1799 2351 1804 2356 ’

478 2423 648 2473 ΠΡΩ.
700 2419 867 2474 Πάνυ
887 2440 965 2489 γε.

476 2503 602 2554 ΣΩ
661 2497 937 2556 Οὕκοῦν’
911 2523 970 2556 εκ
990 2500 1206 2572 μνήμης
1221 2520 1278 2555 τε
1296 2500 1387 2555 καὶ
1404 2498 1714 2569 αἰσθήσεως
1733 2496 1863 2564 δόξα
1882 2457 2028 2570 {ww}

276 2600 309 2642 c
339 2582 430 2637 καὶ
448 2578 510 2635 τὸ
534 2580 914 2647 διαδοξάζειν’
888 2593 1149 2652 εγχειρεῑν
1167 2577 1388 2652 γίγνεθ’
1411 2579 1690 2644 ἑκάστοτε;

476 2665 648 2716 ΠΡΩ.
703 2663 813 2715 Και
833 2661 993 2731 μάλα.

652 2733 1116 2760 tttttt

338 2829 486 2893 μεθα
507 2831 676 2893 ἴσχειν
685 2845 701 2884 ,-
