2028 3198
1803 0 2028 43 “vva

1840 60 1848 67 .
1946 76 1948 79 .
1999 45 2028 102 ῐξ

287 174 391 225 m4
895 174 1373 223 ΠΛΑΤΩΝΟΣ
1469 226 1486 230 „
1907 118 2028 245 75]

285 330 397 362 των
427 306 586 371 ξύνες
615 304 648 361 ὅ
679 323 766 361 σοι
786 307 953 376 λέγω,
993 307 1083 362 καὶ
1101 309 1362 377 μηδαμῶς
1381 327 1519 380 προς
1538 314 1660 381 βίας
1676 315 1966 383 βουληθῇς

286 395 499 459 μᾶλλον
516 384 553 459 ἦ
574 387 717 444 ἑκών
736 390 931 458 λέγειν.

425 475 550 526 ΣΩ,
604 467 770 538 Ἀλλ’,
810 473 852 524 ὠ
873 470 1106 541 μακάριε
1125 475 1358 542 Φαῖδρε,
1389 480 1600 544 γελοῖος
1619 479 1810 546 ἔσομαι
1828 473 1963 546 παρ’

286 553 506 625 ἀγαθὸν
535 551 770 624 ποιητὴν
790 551 1007 623 ἰδιώτης
1026 550 1461 623 αὐτοσχεδιάζων
1482 560 1607 628 περὶ
1624 563 1739 612 τῶν
1758 554 1959 612 αὐτων.
1995 558 1998 561 ’

427 642 576 692 ΦΑΙ.
636 632 802 690 Οἷσθ’
828 631 900 698 ὡς
920 638 1052 704 ἔχεις
1085 642 1293 691 παῦσαι
1311 638 1452 706 πρός
1469 660 1535 709 με
1555 639 1962 709 καλλωπιζόμε-
1986 691 1998 694 -

286 742 383 785 νος
397 741 408 751 ·
444 717 641 791 σχεδὸν
658 717 764 788 γὰρ
787 722 889 787 ἔχω
909 713 940 772 ὃ
960 715 1132 771 εἰπών
1153 714 1452 788 ἀναγκάσω
1475 735 1535 774 σε
1555 724 1747 790 λέγειν.

426 807 555 858 ΣΩ.
607 803 895 871 Μηδαμῶς
913 806 1106 853 τοίνυν
1124 806 1292 872 εἴπῃς.

426 891 577 940 ΦΑΙ.
638 882 787 953 Οὔκ,
810 879 948 937 ἀλλὰ
969 882 1059 936 καὶ
1080 880 1147 953 δὴ
1169 885 1334 984 λέγω·
1373 882 1402 940 ὁ
1426 888 1490 940 δέ
1504 906 1598 955 μοι
1618 882 1831 954 λόγος’”’
1798 904 1965 952 ορκος

284 972 447 1023 ἔσται.
488 967 695 1037 ὄμνυμι
712 964 819 1036 γάρ
839 981 928 1020 σοι
951 998 1013 1005 -
1033 969 1156 1019 τίνα
1176 969 1387 1037 μέντοι,
1408 972 1531 1022 τίνα
1549 972 1728 1022 θεῶν·
1715 1008 1729 1033 ,
1770 989 1803 1037 η
1825 965 1964 1037 βού-

223 1069 259 1110 Ε
288 1057 371 1106 λει
399 1051 500 1120 τὴν
531 1047 813 1104 πλάτανον
839 1051 1092 1117 ταυτηνί;
1130 1042 1167 1118 ἦ
1193 1049 1330 1119 μήν,
1371 1048 1469 1104 ἐάν
1487 1070 1578 1119 μοι
1598 1045 1670 1119 μὴ
1692 1055 1846 1119 εἴπῃς
1864 1046 1964 1103 τὸν
2012 1071 2017 1107 ·;

286 1131 457 1203 λόγον
475 1134 729 1187 ἐναντίον
749 1128 918 1200 αὐτῆς
936 1129 1162 1198 ταύτης,
1194 1133 1465 1201 μηδέποτέ
1480 1147 1569 1185 σοι
1587 1131 1775 1200 ἕτερον
1793 1129 1965 1200 λόγον
2005 1136 2011 1137 ’

288 1218 497 1285 μηδένα
515 1212 751 1284 μηδενὸς
770 1215 1054 1276 ἐπιδείξειν
1073 1209 1203 1308 μηδ’
1224 1213 1544 1281 ε’ξαγγελειν.
1999 1259 2010 1263 ,γ

424 1301 555 1351 XIII.
629 1299 751 1349 Σῼ.
805 1298 1006 1364 Βαβαί,
1057 1296 1099 1347 ω
1145 1296 1333 1363 μιαρέ,
1387 1291 1460 1358 ὠς
1496 1286 1561 1348 εὖ
1595 1291 1825 1363 ἀνεῦρες
1861 1316 1962 1365 την
2010 1344 2012 1346 ,

285 1375 536 1448 ἀνάγκην
557 1375 717 1446 άνδρὶ
737 1376 1016 1448 φιλολόγῳ
1039 1387 1219 1430 ποιεῖν
1238 1372 1268 1431 ὃ
1288 1370 1358 1431 ἂν
1378 1376 1620 1449 κελεύῃς.
2004 1374 2005 1379 ’

425 1465 573 1514 ΦΑΙ.
635 1465 702 1514 Τί
719 1462 852 1529 δῆτα
874 1463 1012 1528 ἔχων
1031 1460 1281 1529 στρέφει;

426 1546 548 1596 ΣΩ.
612 1538 796 1597 Οὐδὲν
815 1545 909 1609 ἔτι,
931 1537 1114 1611 ἐπειδὴ
1139 1540 1211 1594 σύ
1230 1562 1293 1610 γε
1313 1547 1483 1595 ταῦτα
1503 1538 1806 1612 ὀμώμοκας.
1847 1549 1963 1607 πῶς

284 1624 391 1694 γάρ
413 1621 486 1680 ἂν
505 1622 619 1689 οἷός
638 1623 685 1678 τ’
710 1632 829 1695 εἴην
847 1624 1100 1694 τοιαύτης
1119 1629 1315 1694 θοίνης
1333 1621 1660 1694 άπέχεσθαι;

173 1717 255 1766 237
428 1712 578 1761 ΦΑΙ.
636 1707 774 1774 Λέγε
795 1704 878 1774 δή.

426 1795 549 1843 ΣΩ.
608 1786 772 1843 Οἶσθ’
798 1780 903 1841 οὖν
924 1785 997 1852 ὥς
1016 1784 1255 1857 ποιήσω;

429 1876 578 1924 ΦΑΙ.
638 1875 752 1923 Τοῦ
771 1869 921 1936 πέρι;

427 1958 549 2007 Σῼ.
597 1949 1080 2020 Ἐγκαλυψάμενος
1098 1953 1230 2019 ἐρῶ,
1269 1949 1347 2004 ἵν’
1372 1949 1404 2004 ὅ
1425 1972 1472 2004 τι
1492 1950 1713 2020 τάχιστα
1735 1950 1962 2019 διαδρά-

285 2055 370 2104 μω
388 2032 488 2089 τὸν
508 2034 694 2103 λόγον,
727 2032 816 2087 καὶ
837 2028 908 2101 μὴ
941 2032 1162 2101 βλέπων
1181 2029 1319 2101 πρὸς
1348 2033 1408 2086 σὲ
1432 2028 1531 2085 ὑπ’
1562 2031 1821 2102 αἰσχύνης
1841 2035 1960 2087 δια-
1996 2054 2007 2098 χ

286 2122 555 2185 ποραῖμαι.
2026 2108 2028 2116 ⁴

424 2202 574 2253 ΦΑΙ.
631 2198 770 2266 Λέγε
791 2196 992 2266 μόνον,
1015 2194 1081 2248 τα
1104 2192 1155 2248 δ’
1179 2192 1316 2249 ἄλλα
1336 2192 1487 2259 ὅπως
1505 2194 1695 2265 βούλει
1713 2200 1868 2251 ποίει.

425 2285 548 2335 ΣΩ.
591 2278 781 2348 ’Ἀγετε
813 2277 907 2347 δή,
947 2270 991 2331 ὦ
1009 2282 1265 2347 Μοῦσαι,
1303 2285 1409 2333 εἴτε
1440 2275 1516 2332 δι’
1546 2274 1690 2351 ςόδῆς
1719 2276 1860 2342 εἶδος
1879 2282 1963 2333 λί-

285 2383 453 2431 γειαι,
493 2369 598 2416 εἴτε
630 2360 720 2415 διὰ
749 2362 909 2431 γένος
936 2358 1209 2429 μουσικὸν
1229 2359 1290 2415 τὸ
1311 2360 1538 2430 Λιγύων
1557 2359 1765 2431 ταύτην
1784 2364 1960 2429 ἔσχετε

285 2441 387 2514 τὴν
407 2446 742 2513 ἐπωνυμίαν,
764 2443 870 2512 ξύμ
890 2464 981 2511 μοι
1000 2442 1243 2513 λάβεσθε
1262 2449 1365 2497 τοῦ
1384 2443 1593 2513 μύθου,
1614 2441 1681 2498 ὅν
1702 2463 1768 2512 με
1788 2438 1963 2509 ἀναγ-

286 2522 481 2590 κάζει
455 2545 483 2579 ο
504 2525 782 2594 βέλτιστος
802 2520 989 2579 οὑτοσὶ
1008 2527 1214 2593 λέγειν,
1251 2520 1330 2578 ἱ”ν
1352 2520 1380 2579 ὁ
1402 2525 1612 2592 ἑταῖρος
1631 2522 1832 2592 αὐτοῦ,
1871 2524 1960 2576 καὶ

226 2631 255 2670 13
287 2604 558 2676 πρότερον
577 2609 761 2660 δοκῶν
778 2605 955 2660 τούτω
976 2603 1151 2676 σοφὸς
1170 2605 1335 2675 εἶναι,
1361 2611 1468 2660 νῦν
1487 2610 1563 2660 ἔτι
1582 2611 1792 2675 μᾶλλον
1809 2602 1956 2674 δόξῃ.

292 2721 352 2730 -
385 2690 483 2742 Ην
512 2685 658 2742 οὕτω
690 2685 756 2758 δὴ
777 2700 927 2758 παῖς,
966 2695 1180 2758 μᾶλλον
1198 2687 1258 2744 δε
1276 2691 1650 2757 μειρακίσκος,
1689 2683 1834 2754 μάλα
1856 2705 1958 2738 κα-
1983 2716 1989 2721 -

285 2778 395 2833 λος
449 2768 626 2824 τούτω
660 2769 717 2824 δε
749 2762 893 2839 ἦσαν
910 2772 1130 2841 ἐρασταὶ
1148 2770 1299 2825 πάνυ
1317 2773 1525 2824 πολλοί.
1580 2763 1655 2831 εἷς
1680 2768 1740 2821 δέ
1753 2787 1831 2829 τις
1850 2764 1955 2820 αὐ·-
1979 2781 2004 2846 ᾗ

283 2874 396 2906 των
430 2851 660 2919 αιμύλος
696 2873 793 2922 ην,
834 2848 895 2916 ὂς
931 2850 1159 2916 ούδενὸς
1193 2845 1360 2922 ἦττον
1387 2852 1529 2920 ἐρῶν
1558 2850 1828 2903 ἐπεπείκει
1857 2849 1955 2903 τὸν

1969 3059 1997 3198 νινε-ιαμ-
1990 3013 1994 3015 .
