2028 3198
1871 0 1879 57 5

250 156 354 207 296
855 159 1028 205 HAA
1046 159 1332 209 ΤΩΝΟΣ
1876 175 1935 219 26

391 296 517 345 2252.
575 295 647 345 Εἰ
675 290 733 345 δε
761 295 973 361 πλανᾷ,
1005 283 1087 361 αρ’
1119 288 1189 346 οὗ
1218 295 1389 363 δῆλον
1411 294 1470 350 ἐκ
1488 300 1603 353 τῶν
1620 303 1937 370 ἔμπροσθεν

189 384 196 398 ’
253 370 337 426 ὅτι
368 369 436 425 οὐ
463 370 638 441 μόνον
658 368 874 439 ἀγνοεῖς
892 369 958 425 τὰ
978 375 1230 444 μέγιστα,
1263 372 1401 431 ἀλλὰ
1422 378 1512 433 καὶ
1532 377 1634 436 οὐκ
1660 380 1816 447 εἰδώς
1832 389 1930 437 οἰέι

253 449 392 507 αὐτὰ
416 455 643 508 εἰδέναι·
633 494 644 516 ,

394 539 510 588 ΑΛ.
567 531 918 587 Κινδυνεύω.

391 618 516 670 ΣΩ.
572 611 791 685 Βαβαὶ’
768 612 904 684 άρα,
937 636 979 669 ω
1009 612 1345 714 Ἀλκιβιάδη,
1377 613 1498 672 οἷον
1528 620 1710 686 πάθος
1730 624 1930 678 πέπον-

250 704 384 760 θας·
426 691 455 749 ὃ
486 693 592 764 ἐγω
628 693 917 765 ὀνομάζειν
944 695 1046 766 μὲν
1074 695 1248 765 ὀκνῶ,
1280 697 1428 768 ὅμως
1458 703 1542 771 δέ,
1571 702 1752 774 ἐπειδὴ
1773 703 1928 774 μόνω

253 777 440 846 ἐσμέν,
483 777 694 846 ῥητέον.
738 775 951 850 άμαθία
990 799 1096 849 γαρ
1135 791 1436 849 συνοικεῖς,
1479 784 1520 836 05
1551 785 1820 854 βέλτιστε,
1858 790 1929 857 τῇ

251 857 474 930 ἐσχάτῃ,
498 854 571 922 ὡς
599 856 627 913 ὁ
650 858 813 927 λόγος
834 875 938 913 σου
956 871 1251 930 κατηγορεῖ
1265 862 1355 916 καὶ
1379 860 1449 916 συ
1473 871 1707 919 σαυτοῦ
1730 864 1812 920 διὸ
1839 868 1928 920 καὶ

251 939 428 1004 ἄττεις
446 938 553 1009 ἄρα
574 938 711 1006 πρὸς
729 939 795 994 τὰ
813 939 1061 995 πολιτικὰ
1083 943 1215 1011 πρὶν
1234 947 1622 1014 παιδευθῆναι.
1645 949 1933 1010 πέπονθας

254 1022 314 1075 δὲ
331 1026 493 1075 τοῦτο
515 1019 582 1075 οὐ
604 1018 674 1075 σύ
695 1020 879 1091 μόνος,
903 1019 1041 1076 ἀλλὰ
1063 1024 1152 1077 καὶ
1173 1026 1228 1078 οἱ
1244 1026 1434 1079 πολλοὶ
1450 1031 1563 1080 τῶν
1578 1027 1933 1095 πραττόντων

255 1104 321 1158 τὰ
351 1107 515 1174 τῆσδε
543 1108 640 1173 τῆς
659 1103 898 1173 πόλεως,
928 1101 1074 1173 πλὴν
1095 1102 1297 1174 ὀλίγων
1331 1127 1393 1174 γε
1426 1107 1516 1161 καὶ
1548 1115 1678 1171 ἴσως
1708 1113 1810 1161 τοῦ
1830 1111 1928 1161 σοῦ

252 1184 554 1254 ἐπιτρόπου
573 1186 923 1254 Περικλέους.

391 1274 525 1324 XIV.
598 1274 715 1322 ΑΛ.
772 1271 1006 1337 Λέγεταί
1011 1272 1077 1339 γε’
1084 1292 1184 1339 τοι,
1208 1264 1252 1325 ὦ
1262 1271 1573 1342 Σώκρατες,
1598 1270 1699 1327 οὐκ
1713 1270 1818 1326 ἀπὸ
1833 1277 1935 1327 τοῦ

252 1349 571 1421 αὐτομάτου
591 1347 765 1419 σοφὸς
785 1353 1088 1421 γεγονέναι,
1110 1350 1244 1407 ἄλλα
1258 1359 1479 1417 πολλοῖς
1490 1355 1580 1408 καὶ
1595 1365 1786 1423 σοφοῖς
1797 1371 1933 1422 συγ-

252 1435 559 1505 γεγονέναι,
590 1434 680 1488 καὶ
710 1438 1069 1506 Πυθοκλείδῃ
1099 1436 1189 1490 καὶ
1220 1433 1585 1508 Ἀναξαγόρᾳ·
1615 1437 1706 1491 καὶ
1727 1442 1836 1490 νῦν
1856 1438 1932 1489 ἔτι

248 1521 570 1586 τηλικοῦτος
590 1511 670 1569 ὦν
687 1515 922 1585 Δάμωνι
942 1515 1192 1581 ξύνεστιν
1211 1514 1386 1571 αὐτοῦ
1404 1517 1605 1572 τούτου
1627 1516 1798 1570 ἕνεκα.

393 1605 519 1655 Σῼ.
580 1604 649 1653 Τί
677 1592 808 1663 οὗνς
843 1598 946 1670 ἤδη
983 1622 1105 1655 τινα
1141 1599 1279 1665 εἶδες
1309 1600 1487 1670 σοφὸν
1516 1598 1704 1656 ὁτιοῦν
1722 1599 1934 1655 ἀδυνα-

250 1688 453 1736 τοῦντα
472 1686 694 1751 ποιῆσαι
709 1678 878 1736 ἄλλον
901 1681 1080 1752 σοφὸν
1097 1681 1236 1753 άπερ
1259 1682 1445 1748 αυτός;
1468 1682 1649 1752 ω’σπερ
1667 1682 1725 1747 ὅς
1742 1701 1801 1738 σε
1821 1685 1934 1738 ἐδί-

251 1767 376 1828 δαξε
404 1764 723 1834 γράμματα,
753 1762 918 1829 αυτός
946 1788 1003 1821 τε
1031 1770 1102 1837 ἦν
1124 1764 1297 1836 σοφὸς
1315 1768 1403 1822 καὶ
1424 1766 1484 1822 σε
1504 1768 1720 1836 ἐποίησε
1742 1789 1853 1821 των
1875 1789 1933 1822 τε

249 1844 434 1900 α’λλων
454 1842 644 1899 όντινα
665 1845 951 1914 ἐβούλετο·
971 1840 1007 1916 ἦ
1023 1847 1156 1916 γάρ·
1144 1889 1158 1914 ,

391 1931 508 1981 ΑΛ.
560 1931 689 1980 Ναί.

391 2012 516 2062 ΣΩ.
578 2003 807 2062 Οὐκοῦν
843 2009 933 2063 καὶ
965 2007 1035 2062 σὺ
1067 2006 1095 2062 ὁ
1126 2005 1247 2077 παρ’
1278 2012 1493 2063 ἐκείνου
1531 2007 1733 2078 μαθων
1761 2007 1934 2064 ἄλλον

252 2087 365 2154 οἷός
383 2110 439 2144 τε
461 2094 599 2156 ἔσει,

392 2179 446 2228 Α
451 2178 509 2228 Λ.
567 2178 694 2228 Ναί.

392 2259 514 2310 Σῼ.
568 2257 677 2311 Καὶ
692 2253 719 2311 ὁ
737 2255 1055 2327 κιθαριστὴς
1067 2257 1225 2312 δὲκαὶ
1236 2253 1265 2311 ὅ
1279 2258 1631 2327 παιδοτρίβης
1644 2252 1902 2319 ὡσαύτως
1916 2278 1934 2320 3

393 2345 509 2393 ΑΛ.
562 2338 729 2394 Πάνυ
748 2360 822 2408 γε.

392 2426 517 2476 Σῼ.
554 2418 749 2477 Καλὸν
767 2421 872 2491 γὰρ
894 2421 1074 2492 δήπου
1093 2421 1387 2492 τεκμήριον
1402 2426 1563 2476 τοῦτο
1584 2425 1696 2474 τῶν
1710 2421 1931 2484 ἐπιστα-

247 2504 432 2575 μένων
461 2500 653 2558 ὁτιοῦν
682 2501 766 2558 ὅτι
792 2505 1130 2573 ἐπίστανται,
1167 2500 1390 2559 ἐπειδᾶν
1418 2503 1505 2556 καὶ
1538 2500 1710 2555 ἄλλον
1739 2494 1846 2554 οἷοί
1873 2519 1929 2552 τε

250 2581 387 2643 οἶσιν
406 2586 686 2651 ἀποδεῖξαι
706 2587 1083 2656 ἐπιστάμενον.

390 2676 506 2724 AA.
548 2666 770 2739 ’Έμοιγε
790 2671 952 2723 δοκεῖ.

389 2758 514 2808 Σῼ.
578 2759 647 2807 Τί
661 2745 792 2817 οὗν;
814 2755 948 2822 ἔχεις
968 2754 1156 2822 εἰπεῖν,
1177 2754 1449 2822 Περικλῆς
1461 2752 1582 2804 τίνα
1595 2747 1811 2816 ἐποίησε
1829 2761 1910 2800 σο-

247 2835 377 2907 mciv,
398 2833 507 2891 ἀπὸ
529 2841 639 2891 τῶν
658 2839 825 2890 υἱέων
841 2832 1168 2906 άρξάμενοςξ.
