2028 3198
539 336 619 402 Σ
630 333 778 404 YM
778 333 867 400 Π
866 335 1003 403 ΟΣ
1005 337 1054 402 I
1055 337 1188 404 ΟΝ

444 451 507 533 [ἦ
543 457 669 532 περὶ
706 451 939 533 ἇγαθοῦ
953 477 966 489 ·
1012 451 1269 533 ἠθικός]

345 671 439 721 ΤΑ
466 673 606 721 ΤΟΥ
618 674 1000 722 ΔΙΑΛΟΓΟΓ
1021 672 1374 724 ΠΡΟΣΩΠΑ

20 768 649 838 ΑΠΟΛΛΟΔΩΡΟΣ,
694 759 1049 825 ΕΤΑΙΡΟΣ
1080 767 1699 837 ΑΠΟΛΛΟΔΩΡΟΥ,

76 865 486 935 ΓΛΑΥΚΩΝ,
523 866 1135 935 ΑΡΙΣΤΟΔΗΜΟΣ,
1182 864 1643 933 ΣΩΚΡΑΤΗΣ,

16 962 370 1032 ΑΓΑΘΩΝ,
450 963 822 1033 ΦΑΙΔΡΟΣ,
880 962 1371 1033 ΠΑΥΣΑΝΙΑΣ,
1437 958 1699 1024 ΕΡΓΞΙ-

191 1059 490 1128 ΜΑΧΟΣ,
527 1059 1132 1130 ΑΡΙΣΤΟΦΑΝΗΣ,
1177 1060 1528 1128 ΔΙΟΤΙΜΑ,

612 1157 847 1212 ΑΛΚΙΒ
858 1157 1112 1213 ΙΑΔΗΣ.

1728 1238 1786 1280 St.

1713 1298 1781 1337 111.
1852 1341 1853 1344 Ἴ

157 1402 192 1450 1.
270 1390 452 1457 Δοκαί
479 1419 573 1469 μοι
607 1397 731 1466 περὶ
750 1388 832 1451 ὦν
851 1398 1223 1454 πυνθάνεσθε
1250 1395 1354 1453 οὐκ
1375 1394 1697 1467 ἀμελέτητος
1733 1367 1814 1452 {³52

12 1479 173 1536 εἷναι.
230 1482 320 1537 καὶ
350 1481 459 1551 γάρ
480 1482 786 1552 ἐτύγχανον
806 1480 1002 1551 πρώην
1022 1485 1096 1546 είς
1116 1481 1258 1537 ἄστυ
1278 1486 1509 1536 οἴκοθεν
1528 1476 1701 1533 ἀνιών

12 1565 378 1634 Φαληρόθεν·
412 1572 526 1620 τῶν
557 1558 662 1620 οὖν
691 1568 991 1635 γνωρίμων
1018 1586 1099 1630 τις
1117 1564 1356 1621 ὄπισθεν
1375 1562 1618 1619 κατιδων
1636 1582 1700 1632 με

17 1646 323 1716 πόρρωθεν
340 1649 566 1705 ἐκάλεσε
581 1691 595 1716 ,
626 1650 718 1704 καὶ
737 1651 944 1712 παίζων
962 1644 1076 1717 ἅμα
1095 1653 1163 1720 τῇ
1181 1645 1370 1719 κλήσει
1383 1687 1398 1716 ,
1428 1637 1492 1700 Ὦ
1514 1650 1703 1715 Φαλη-

14 1729 177 1798 ρεύς,
214 1734 350 1801 ἔφη,
387 1723 552 1795 οὗτος
583 1726 1022 1799 Ἀπολλόδωρος,
1062 1726 1131 1784 οὐ
1167 1738 1502 1798 περιμενεῖς;
1550 1722 1703 1796 κάγώ
1756 1773 1761 1782 ,
1811 1748 1815 1751 ⁴

17 1810 241 1877 ἐπιστὰς
259 1814 597 1883 περιέμεινα·
637 1814 729 1867 καὶ
749 1807 837 1880 ὅς,
873 1809 1275 1883 Ἀπολλόδωρε,
1313 1814 1447 1881 ἔφη,
1483 1809 1704 1879 καὶμὴν

18 1897 109 1949 καὶ
157 1894 385 1965 ἔναγχός
429 1911 491 1950 σε
537 1895 765 1966 ἐζήτουν
805 1893 1148 1966 βουλόμενος
1185 1893 1568 1949 διαπυθέσθαι
1601 1891 1705 1964 τήν

13 1972 332 2047 Ἀγάθωνος
351 1981 652 2042 ξυνουσίαν
669 1978 760 2032 καὶ
777 1977 1119 2048 Σωκράτους
1135 1978 1226 2033 καὶ
1243 1974 1591 2048 Ἀλκιβιάδου
1610 1974 1698 2030 καὶ
1737 1977 1762 2016 Β

10 2077 133 2115 των
160 2055 347 2114 ἄλλων
373 2063 487 2114 τῶν
513 2057 635 2114 τότε
665 2062 727 2114 ἐν
753 2064 829 2135 τῷ
863 2062 1178 2134 συνδείπνῳ
1215 2059 1703 2129 παραγενομένων,

4 2119 144 2210 περὶ
163 2161 275 2195 των
294 2142 573 2208 ἐρωτικων
589 2141 801 2212 λόγων,
830 2148 974 2207 τίνες
987 2136 1148 2214 ἦσαν.
1206 2140 1370 2206 ἄλλος
1387 2139 1493 2210 γάρ
1516 2145 1595 2203 τίς
1613 2160 1705 2210 μοι

0 2223 262 2292 ’ῖδιηγεττο
290 2220 540 2292 άκηκοως
560 2228 820 2289 Φοίνικος
848 2233 950 2280 τοῦ
969 2230 1279 2294 Φιλίππου,
1318 2227 1423 2294 ἔφη
1459 2222 1625 2277 δὲκαὶ
1646 2221 1705 2276 σε

7 2306 237 2360 «εἰδέναι.
291 2301 430 2359 ἄλλα
459 2306 566 2375 γὰρ
597 2304 765 2362 οὐδὲν
795 2307 898 2378 εἶχε
931 2309 1103 2376 σαφὲς
1130 2307 1336 2376 λέγειν
1374 2302 1446 2360 σύ
1478 2298 1583 2360 οὖν
1612 2325 1706 2375 μοι

0 2386 301 2456 διήγησαι·
341 2386 679 2452 δικαιότατος
715 2410 824 2458 γαρ
861 2410 908 2444 ει
944 2410 1075 2453 τους
1108 2394 1211 2443 τοῦ
1247 2388 1467 2458 ἑταίρου
1503 2387 1706 2458 λόγους

0 2465 399 2538 εᾶπαγγέλλειν.
453 2469 728 2540 πρότερον
756 2473 819 2526 δέ
842 2492 962 2541 μοι,
999 2464 1035 2541 ἦ
1067 2468 1118 2526 δ’
1141 2492 1228 2536 ος.
1267 2473 1409 2539 εἰπέ,
1448 2468 1518 2525 σύ
1540 2466 1703 2535 αὐτὸς

0 2550 332 2618 τπαρεγένου
351 2556 417 2622 τῇ
436 2555 706 2623 συνουσίᾳ
726 2550 897 2625 ταύτῃ
915 2548 952 2623 ἦ
969 2551 1040 2608 οὔ
1050 2577 1063 2617 ;
1096 2550 1248 2623 κάγώ
1270 2550 1427 2609 εἷπον
1446 2550 1530 2608 ὅτι
1549 2557 1705 2607 Παν-
1737 2564 1768 2604 C

0 2630 261 2686 noinoecnv
291 2635 438 2688 ἔοικέ
453 2649 539 2687 σοι
564 2630 729 2690 οὐδὲν
748 2636 1059 2705 διηγεῖσθαι
1079 2634 1252 2705 σαφὲς
1271 2632 1300 2690 ὁ
1323 2634 1702 2705 διηγούμενος,

0 2715 74 2767 tel
102 2714 298 2769 νεωστὶ
324 2711 446 2784 ἡγεῖ
469 2713 573 2785 τήν
603 2721 910 2771 συνουσίαν
938 2718 1227 2787 γεγονέναι
1246 2716 1457 2787 ταύτην
1475 2714 1547 2787 ἢν
1565 2719 1703 2784 ἐρω-

0 2797 147 2863 τᾷς,
168 2791 306 2850 ὥστε
326 2797 415 2851 καὶ
437 2795 527 2867 ἐμὲ
549 2800 975 2867 παραγενέσθαι.
1020 2798 1226 2870 Ἔγωγε
1247 2799 1315 2870 δή
1323 2842 1330 2850 .
1389 2799 1610 2870 Πόθεν,
1632 2793 1704 2870 ἦν
