2028 3198
299 144 400 196 194
906 141 1380 189 ΠΛΑΤΩΝΟΣ
1915 120 1972 194 56

297 286 402 344 λῶς
421 273 493 333 ἀν
511 282 622 346 ἔχοι
643 276 733 330 καὶ
752 273 890 343 πρὸς
912 271 1173 329 ὁντινοῦν
1192 276 1395 342 λέγειν·
1417 272 1478 329 τό
1504 273 1559 330 δ’
1583 276 1847 331 ἐντεῦθεν
1866 276 1969 332 οὐκ

297 360 368 414 ἄν
387 379 496 429 μου
516 355 787 429 ἠκούσατε
816 357 1172 426 λέγοντος,ψεί
1186 353 1258 426 μὴ
1280 362 1500 426 πρῶτον
1518 357 1637 427 μέν,
1661 356 1721 411 τό
1744 357 1972 428 λεγόμε-

294 461 423 509 νον,
463 438 610 503 οἶνος
640 436 777 493 ἄνευ
812 458 870 491 τε
890 439 1104 492 παίδων
1132 437 1223 492 καὶ
1251 435 1383 507 μετὰ
1414 441 1628 493 παίδων
1648 432 1720 509 ἦν
1739 435 1968 509 ἀληθής,

295 526 477 576 ἔπειτα
498 517 763 588 ἀφανίσαι
791 518 1128 586 Σωκράτους
1157 521 1323 587 ἔργον
1342 515 1702 590 ὑπερήφανον
1723 525 1798 584 εἰς
1818 524 1972 575 ἔπαι-

293 622 396 657 νον
424 602 663 656 ἐλθόντα
694 600 893 655 ἄδικόν
922 621 1015 669 μοι
1044 604 1311 670 φαίνεται.
1336 603 1412 654 ἔτι
1433 600 1491 655 δὲ
1512 599 1572 656 τὸ
1601 607 1703 656 τοῦ
1735 604 1971 697 δηχθέν-

293 703 386 747 τος
419 679 526 736 ὑπὸ
558 686 658 735 τοῦ
687 684 849 750 ἔχεως
878 680 1060 743 πάθος
1090 678 1226 750 κάμε
1257 685 1377 750 ἔχει.
1419 683 1555 751 φασὶ
1581 681 1688 751 γάρ
1720 681 1829 736 πού
1848 702 1971 736 τινα
2022 729 2028 749 2

292 769 457 819 τοῦτο
488 762 744 817 παθόντα
774 760 876 817 οὐκ
901 763 1114 817 ἐθέλειν
1143 763 1320 831 λέγειν
1349 756 1470 817 οἷον
1496 756 1566 832 ἦν
1586 762 1730 834 πλὴν
1750 774 1860 828 τοῖς
1881 767 1971 817 δε-
2023 804 2028 827 2

176 851 264 896 218
295 848 612 916 δηγμένοις,
658 866 731 908 ως
760 843 951 914 μόνοις
979 847 1348 914 γνωσομένοις
1379 865 1435 899 τε
1461 846 1551 899 καὶ
1582 845 1972 914 συγγνωσομέ-
2022 873 2028 915 3.

294 949 435 994 νοις,
467 931 515 981 εί
539 931 651 980 πᾶν
683 924 879 995 ἐτόλμα
909 930 1050 999 δρᾷν
1078 947 1135 980 τε
1161 927 1252 981 καὶ
1279 927 1459 994 λέγειν
1488 923 1597 981 ὑπὸ
1628 933 1724 997 τῆς
1752 925 1970 997 ὀδύνης.
2024 946 2028 978 ’;

294 1009 399 1078 ἐγω
422 1002 526 1063 οὖν
548 1008 879 1077 δεδηγμένος
906 1029 963 1062 τε
991 1005 1098 1062 ὑπὸ
1120 1005 1505 1077 ἀλγεινοτέρου
1524 1009 1615 1064 καὶ
1635 1009 1695 1063 τὸ
1718 1006 1970 1078 ἀλγεινό-

291 1111 457 1145 τατον
487 1081 566 1143 ὦν
595 1087 666 1142 ἄν
695 1109 773 1151 τις
799 1091 1023 1159 δηχθείη
1045 1121 1115 1128 -
1141 1087 1245 1159 τὴν
1273 1093 1506 1158 καρδίαν
1534 1085 1570 1159 ἢ
1600 1087 1782 1159 ψυχὴν
1811 1087 1918 1160 γᾴρ
1936 1084 1970 1158 ἦ

292 1170 325 1225 ὅ
355 1193 406 1226 τι
437 1173 523 1225 δεῖ
547 1167 680 1224 αὐτὸ
713 1168 982 1239 ὀνομάσαι
1011 1175 1229 1240 πληγείς
1259 1191 1315 1224 τε
1343 1172 1432 1225 καὶ
1463 1171 1682 1239 δηχθεὶς
1710 1167 1818 1223 ὑπὸ
1858 1176 1970 1223 τῶν

294 1253 355 1306 ἐν
377 1255 679 1322 φιλοσοφίᾳ
702 1249 900 1319 λόγων,
923 1253 978 1303 οἳ
995 1253 1209 1319 ἔχονται
1228 1251 1439 1320 ἐχίδνης
1459 1248 1818 1320 ἀγριώτερον,
1839 1251 1970 1305 νέου
2024 1244 2028 1298 ἐ

294 1339 470 1403 ’ψυχῆς
499 1330 570 1403 μὴ
605 1329 828 1401 ἀφυοῦς
857 1328 992 1385 ὅταν
1029 1331 1333 1401 λάβωνται,
1371 1333 1462 1385 καὶ
1491 1336 1712 1386 ποιοῦσι
1743 1334 1884 1403 δρᾷν
1914 1351 1969 1385 τε
2019 1303 2028 1378 ἕ

294 1416 384 1470 καὶ
414 1415 593 1482 λέγειν
613 1409 804 1467 ὁτιοῦν
824 1442 893 1449 -
911 1413 1000 1467 καὶ
1031 1409 1181 1480 ὁρῶν
1199 1405 1274 1466 αὖ
1294 1415 1596 1484 Φαίδρους,
1631 1408 1968 1482 Ἀγάθωνας,
2016 1414 2028 1504 j

231 1508 261 1546 B
287 1494 701 1566 Ἐρυξιμάχους,
733 1498 1080 1564 Παυσανίας,
1108 1492 1528 1565 Ἀριστοδήμους
1547 1514 1603 1547 τε
1623 1494 1713 1548 καὶ
1728 1491 1971 1561 Ἀριστο-
2016 1505 2028 1567 ⁴,

294 1578 501 1648 φάνας·
538 1574 813 1645 Σωκράτη
846 1575 904 1631 δὲ
928 1574 1098 1630 αὐτὸν
1118 1581 1174 1630 τί
1198 1579 1283 1630 δεῖ
1296 1577 1500 1644 λέγειν,
1538 1578 1628 1629 καὶ
1648 1573 1768 1630 ὅσοι
1787 1573 1967 1638 ἄλλοις

294 1659 495 1723 πάντες
523 1655 630 1727 γάρ
661 1656 1101 1728 κεκοινωνήκατε
1131 1663 1227 1727 τῆς
1257 1655 1572 1726 φιλοσόφου
1590 1659 1786 1725 μανίας
1804 1675 1861 1709 τε
1880 1656 1970 1709 καὶ
2012 1664 2014 1666 ’

294 1745 573 1811 βακχείας·
613 1737 697 1794 διὸ
727 1740 925 1803 πάντες
944 1738 1283 1794 ἀκούσεσθε·
1321 1737 1716 1809 συγγνώσεσθε
1735 1736 1841 1808 γὰρ
1859 1747 1972 1802 τοῖς
2010 1754 2015 1762 ⁸

293 1843 350 1875 τε
371 1821 493 1875 τότε
514 1828 806 1891 πραχθεῖσι
831 1821 920 1875 καὶ
940 1831 1052 1883 τοῖς
1073 1827 1182 1875 νῦν
1210 1823 1547 1891 λεγομένοις·
1590 1822 1646 1874 οἰ
1663 1819 1721 1875 δὲ
1750 1821 1968 1890 οἰκέται,

294 1903 383 1957 καὶ
404 1908 550 1965 εἴτις
570 1900 734 1964 ἄλλος
754 1902 865 1955 ἐστὶ
883 1902 1118 1972 βέβηλός
1135 1923 1192 1956 τε
1211 1904 1300 1956 καὶ
1318 1901 1594 1971 ἄγροικος,
1620 1900 1798 1965 πύλας
1819 1899 1969 1955 πάνυ

294 1982 532 2054 μεγάλας
550 1992 662 2045 τοῖς
684 1979 820 2037 ὠσὶν
837 1984 1116 2036 ἐπίθεσθε.
2009 1981 2028 2047 3³.

432 2067 663 2119 XXXIV.
728 2059 938 2132 Ἐπειδὴ
976 2059 1082 2131 γὰρ
1112 2055 1244 2131 οὖν,
1284 2054 1329 2116 03
1365 2061 1588 2130 ἄνδρες,
1626 2059 1659 2116 ὅ
1683 2082 1739 2116 τε
1769 2061 1968 2130 λύχνος
2007 2070 2019 2077 ·’

231 2161 262 2203 G
297 2141 595 2214 ἀπεσβήκει
617 2143 708 2197 καὶ
728 2145 783 2197 οἱ
799 2146 985 2206 παῖδες
1003 2144 1102 2208 ἔξω
1119 2134 1289 2212 ἦσαν,
1310 2143 1462 2207 ἔδοξέ
1475 2163 1568 2212 μοι
1584 2146 1780 2213 χρῆναι
1798 2140 1969 2211 μηδὲν
2025 2161 2028 2211 .³

293 2229 597 2280 ποικίλλειν
616 2221 754 2294 πρὸς
772 2221 962 2294 αὐτόν,
995 2221 1117 2278 ἀλλ’
1149 2226 1456 2294 ἐλευθέρως
1485 2226 1656 2279 εἰπεῖν
1676 2220 1714 2276 ἅ
1733 2242 1825 2292 μοι
1844 2220 1970 2277 ἐδό-

293 2328 377 2362 κει
393 2327 403 2337 ·
425 2308 515 2361 καὶ
537 2303 693 2360 εἷπον
714 2304 942 2375 κινήσας
961 2301 1160 2375 αὐτόν,
1183 2304 1501 2376 Σώκρατες,
1521 2303 1843 2368 καθεύδεις;
1884 2300 1968 2357 Ού

294 2393 459 2459 δῆτα,
496 2382 533 2456 ἧ
562 2385 614 2442 δ’
646 2385 723 2452 ὅς.
803 2385 985 2443 Οἶσθα
1005 2380 1110 2442 οῦν
1138 2386 1174 2440 ἅ
1193 2406 1286 2457 μοι
1306 2389 1582 2454 δέδοκται;
1624 2391 1693 2441 Τί
1706 2386 1967 2456 μάλιστα;

292 2474 411 2540 ἔφη.
487 2469 574 2524 Σὺ
616 2470 734 2540 ἐμοὶ
775 2473 976 2537 δοκεῖς,
1015 2462 1088 2539 ἦν
1124 2465 1176 2523 δ’
1208 2468 1343 2537 ἐγώ,
1383 2470 1520 2538 ἐμοῦ
1555 2467 1785 2538 ἐραστὴς
1820 2464 1967 2530 ἄξιος
2015 2515 2017 2521 ,

290 2551 576 2620 γεγονέναι
604 2549 801 2621 μόνος,
842 2554 938 2605 καί
955 2570 1047 2619 μοι
1067 2555 1251 2619 φαίνει
1279 2547 1465 2604 ὀκνεῖν
1492 2552 1810 2619 μνησθῆναι
1829 2546 1967 2615 πρός

288 2653 378 2702 με·
420 2628 528 2701 ἐγώ
550 2630 608 2686 δὲ
627 2628 828 2686 οὑτωσὶ
857 2635 986 2701 ἔχω·
1024 2630 1176 2685 πάνυ
1206 2629 1445 2702 ἀνόητον
1463 2627 1703 2700 ἡγοῦμαι
1721 2624 1860 2681 εἶναι
1878 2628 1964 2681 σοὶ
1994 2630 2013 2684 5

288 2711 360 2782 μὴ
395 2709 463 2766 οὐ
493 2712 584 2767 καὶ
613 2716 777 2766 τοῦτο
804 2715 1120 2781 χαρίζεσθαι
1148 2713 1238 2766 καὶ
1267 2719 1321 2767 εἴ
1337 2732 1389 2767 τι
1418 2709 1552 2767 ἄλλο
1583 2705 1620 2779 ἦ
1649 2713 1743 2777 τῆς
1774 2705 1964 2772 οὐσίας
1995 2721 2009 2755 ὑ

218 2812 255 2851 D
290 2800 381 2864 τῆς
400 2795 530 2865 ἐμῆς
551 2797 694 2848 δέοιο
712 2788 748 2863 ἢ
765 2798 876 2847 τῶν
896 2799 1074 2862 φίλων
1093 2799 1205 2848 τῶν
1226 2794 1384 2863 ἐμῶν.
1407 2792 1524 2862 ἐμοὶ
1540 2791 1642 2860 μὲν
1658 2785 1766 2861 γάρ
1794 2785 1961 2843 οὐδέν
1999 2787 2002 2790 ’
