2028 3198
226 151 295 201 36
829 150 1306 198 ΠΛΑΤΩΝΟΣ
2026 143 2028 207 j

228 283 420 339 σκόπει
433 305 445 315 ·
480 282 578 338 ἐὰν
608 284 797 336 πλέονι
817 283 907 336 καὶ
927 281 1174 337 ἐλάττονι
1194 281 1375 355 χρόνῳ
1395 291 1785 355 προστιθῶμεν
1804 287 1903 340 τὸν

228 373 350 420 ἴσον
374 363 596 461 χρόνον,
619 356 724 431 ἆρα
741 368 818 434 τῷ
835 369 933 434 ἴσω
950 368 1122 436 μορίῳ
1143 366 1334 418 διοίσει
1354 362 1415 418 τὸ
1436 368 1604 421 πλέον
1623 373 1725 420 τοῦ
1746 367 1905 422 ἐλάτ-

226 466 385 508 τονος
405 440 440 512 ἢ
473 445 838 515 σμικροτέρως
875 447 1247 527 Σμικροτέρω.
1307 443 1427 500 Οὐκ
1458 444 1565 516 α’ρα
1594 450 1769 517 ἔσται,
1803 445 1834 502 ὅ
1855 451 1908 502 τί

227 545 328 627 περ
346 523 406 578 τὸ
426 529 645 621 πρῶτον
660 526 732 594 ἦν
748 522 886 593 πρὸς
899 518 1069 580 τᾶλλα
1083 523 1265 598 ἡλικίᾳ
1283 527 1549 622 διαφέρον
1563 527 1622 583 τὸ
1641 529 1717 598 ἕν,
1739 534 1902 584 τοῦτο

227 607 314 660 καὶ
337 610 413 669 εἰς
432 605 492 660 τὸ
513 609 723 675 ἔπειτα,
762 603 900 660 άλλὰ
921 613 1044 661 ἰσον
1064 606 1351 677 λαμβάνον
1369 609 1571 677 χρόνον
1590 619 1701 672 τοῖς
1718 607 1903 672 ἄλλοις

229 691 457 741 ἔλαττον
485 683 569 742 άεὶ
597 692 664 758 τῇ
693 684 875 758 ἡλικίᾳ
907 690 1098 741 διοίσει
1126 684 1311 742 αὐτων
1338 683 1374 757 ἢ
1399 687 1693 756 πρότερον·
1737 685 1773 760 ἢ
1803 689 1900 756 οὕς

164 783 197 823 Ε
231 773 356 822 Ναί.
419 765 646 822 Οὐκοῦν
681 767 743 822 τό
773 788 835 836 γε
863 772 1087 823 ἔλαττον
1118 769 1383 837 διαφέρον
1410 766 1594 842 ἡλικίᾳ
1624 771 1760 839 πρός
1789 792 1840 824 τι
1867 768 1903 840 ἢ

227 848 500 917 πρότερον
536 848 807 918 νεώτερον
841 847 1072 918 γίγνοιτ’
1111 845 1183 903 ἀν
1219 845 1255 919 ἢ
1291 851 1351 904 ἐν
1380 856 1458 923 τῷ
1485 849 1736 919 πρόσθεν
1765 848 1904 920 πρὸς

227 932 408 984 ἐκεῖνα
421 927 596 1000 ,πρὸς
614 926 650 983 ὁὲ
667 931 740 999 ἠν
759 929 1135 1000 πρεσβύτερον
1155 929 1452 999 πρότερον;
1474 931 1784 1000 Νεώτερον.
1834 937 1906 988 Εί

228 1012 286 1067 δὲ
316 1014 492 1067 έκεῖνο
514 1010 813 1079 νεώτερον,
846 1009 949 1066 οὐκ
972 1014 1150 1066 ἐκεῖνα
1168 1015 1240 1066 αὐ
1260 1007 1432 1068 τᾶλλα
1451 1011 1588 1082 πρὸς
1607 1010 1667 1067 τὸ
1690 1015 1749 1068 ἓν
1768 1033 1901 1083 πρε-

227 1093 466 1163 σβύτερα
486 1088 522 1162 ἦ
542 1091 839 1162 πρότερον;
871 1091 1034 1147 Πάνυ
1053 1114 1130 1162 γε.
1176 1091 1249 1148 Τὸ
1272 1097 1372 1164 μὲν
1393 1095 1662 1164 νεώτερον
1681 1093 1789 1164 ἄρα
1807 1116 1900 1164 γε-

223 1171 390 1243 γονὸς
411 1173 791 1244 πρεσβύτερον
808 1179 1050 1243 γίγνεται
1069 1173 1204 1242 πρὸς
1222 1174 1283 1230 τὸ
1305 1174 1576 1244 πρότερον
1594 1177 1824 1245 γεγονός
1843 1198 1900 1230 τε

225 1255 315 1309 καὶ
338 1253 717 1325 πρεσβύτερον
736 1252 804 1309 ὅν
817 1297 831 1324 ,
854 1260 966 1309 ἔστι
986 1253 1045 1309 δὲ
1064 1254 1327 1310 οὐδέποτε
1346 1256 1739 1327 πρεσβύτερον,
1761 1254 1900 1312 ἀλλὰ

223 1341 467 1405 γίγνεται
496 1334 578 1390 άεὶ
606 1339 820 1391 ἐκείνου
849 1335 1250 1405 πρεσβύτερον·
1285 1338 1462 1391 ἐκεῖνο
1492 1337 1592 1408 μὲν
1611 1337 1716 1407 γὰρ
1736 1340 1821 1393 ἐπὶ
1840 1337 1899 1393 τό

114 1435 196 1478 155
226 1416 498 1484 νεώτερον
526 1419 833 1486 ἐπιδίδωσι,
870 1415 930 1472 τὸ
964 1416 1016 1471 δ’
1035 1419 1122 1472 ἐπὶ
1140 1416 1200 1472 τὸ
1224 1418 1612 1489 πρεσβύτερον.
1672 1418 1732 1476 τὸ
1755 1418 1807 1476 δ’
1829 1414 1902 1475 αὖ

224 1497 601 1569 πρεσβύτερον
631 1504 731 1553 τοῦ
762 1500 1034 1566 νεωτέρου
1061 1498 1334 1567 νεώτερον
1359 1504 1602 1570 γίγνεται
1623 1499 1897 1565 ὡσαύτως.

223 1578 370 1633 ἰόντε
393 1576 501 1648 γάρ
522 1576 714 1634 αὐτοῖν
734 1583 809 1643 εἰς
828 1577 889 1634 τὸ
912 1582 1163 1635 ἐναντίον
1183 1578 1243 1635 τό
1265 1584 1517 1636 ἐναντίον
1537 1580 1799 1653 ἀλλήλοιν
1815 1589 1901 1652 γί-

220 1667 493 1729 γνεσθον,
531 1659 593 1714 τὸ
624 1660 728 1729 μὲν
758 1661 1030 1731 νεώτερον
1060 1662 1438 1731 πρεσβύτερον
1467 1668 1568 1718 τοῦ
1601 1666 1902 1734 πρεσβυτέ-

224 1761 355 1810 ρου,
392 1739 453 1794 τὸ
485 1740 545 1795 δὲ
574 1742 950 1812 πρεσβύτερον
978 1741 1254 1812 νεώτερον
1286 1749 1387 1798 τοῦ
1407 1746 1680 1815 νεωτέρου
1698 1766 1709 1776 ·
1745 1747 1900 1814 γενέ-

225 1828 360 1875 σθαι
386 1821 445 1875 δὲ
475 1819 579 1875 οὐκ
608 1817 681 1875 ἂν
700 1825 796 1876 οἴω
815 1843 872 1876 τε
894 1830 1056 1893 εἴτην.
1110 1828 1161 1877 εἰ
1175 1821 1279 1893 γὰρ
1302 1825 1577 1894 γένοιντο,
1611 1823 1714 1880 οὐκ
1734 1822 1805 1880 ἄν
1824 1830 1900 1880 ἔτι

226 1907 504 1971 γίγνοιντο
525 1898 649 1955 ἀλλ’
671 1899 781 1955 εἷεν
805 1901 877 1956 ἄν
890 1944 904 1970 ,
925 1908 1034 1956 νῦν
1055 1901 1114 1956 δὲ
1132 1909 1417 1973 γίγνονται
1435 1905 1538 1974 μὲν
1556 1907 1899 1976 πρεσβύτερα

226 1981 481 2054 ἀλλήλων
499 1982 590 2037 καὶ
609 1982 848 2051 νεώτερα
863 2003 874 2014 ·
907 1981 969 2036 τὸ
990 1981 1091 2053 μὲν
1110 1985 1172 2038 ἓν
1191 1990 1304 2038 τῶν
1322 1983 1507 2040 ἄλλων
1526 1987 1798 2057 νεώτερον
1815 1992 1899 2057 γί-

224 2085 439 2134 γνεται,
463 2062 547 2118 ὅτι
568 2063 947 2134 πρεσβύτερον
966 2064 1144 2134 ἐφάνη
1165 2060 1233 2119 ὂν
1252 2067 1342 2120 καὶ
1364 2065 1634 2136 πρότερον
1652 2068 1898 2138 γεγονός,

163 2159 194 2199 Β
225 2142 290 2199 τὰ
310 2145 369 2201 δὲ
387 2143 527 2200 ἄλλα
543 2152 646 2200 τοῦ
665 2143 788 2209 ἑνὸς
805 2143 1171 2249 πρεσβύτερα,
1190 2144 1276 2200 ὅτι
1294 2145 1497 2216 ὕστερα
1517 2149 1724 2217 γέγονε.
1763 2148 1900 2203 κατὰ

225 2228 284 2282 δὲ
302 2224 402 2282 τὸν
421 2225 597 2281 αὐτὸν
615 2227 784 2296 λόγον
806 2228 897 2281 καὶ
915 2219 1083 2281 τᾶλλα
1100 2225 1246 2282 οὕτω
1266 2227 1406 2331 πρὸς
1423 2227 1482 2283 τὸ
1502 2231 1563 2283 ἓν
1581 2237 1734 2300 ἴσχει,
1755 2233 1901 2286 ἐπει-

225 2307 292 2377 δή
324 2329 425 2377 περ
455 2306 630 2362 αυτοῦ
662 2309 1006 2407 πρεσβύτερα
1035 2308 1211 2379 ἐφάνη
1237 2312 1327 2363 και
1339 2308 1598 2410 τπρότερα
1616 2311 1898 2380 γεγονότα.

226 2394 482 2444 Φαίνεται
517 2409 626 2457 γαρ
667 2391 772 2444 οὐν
808 2388 1000 2455 οὕτως.
1061 2387 1288 2445 Οὐκοῦν
1324 2383 1362 2462 ᾗ
1385 2392 1486 2460 μὲν
1516 2390 1734 2446 οὕδεν’“
1712 2394 1900 2461 έτερον

224 2470 414 2539 ἑτέρου
433 2469 809 2540 πρεσβύτερον
830 2476 1073 2540 γίγνεται
1092 2470 1221 2527 οὐδὲ
1241 2471 1540 2543 νεώτερον,
1564 2495 1700 2528 κατα
1718 2471 1777 2529 τό
1800 2481 1900 2545 ἴσῳ

223 2549 448 2622 ἀριθμῷ
476 2550 731 2621 ἀλλήλων
759 2550 843 2606 ἀεὶ
875 2555 1185 2623 διαφέρειν,
1228 2551 1358 2608 οὔτε
1385 2553 1446 2608 τὸ
1479 2555 1540 2608 ἓν
1568 2559 1681 2608 τῶν
1717 2553 1899 2607 ἄλλων

223 2632 604 2704 πρεσβύτερον
631 2631 863 2703 γίγνοιτ’
884 2630 957 2688 ἂν
976 2632 1104 2689 οὐδὲ
1123 2635 1422 2705 νεώτερον,
1463 2632 1590 2690 οὕτε
1608 2629 1778 2689 τᾶλλα
1798 2635 1898 2687 τοῦ

225 2714 347 2777 ἑνός
361 2737 371 2746 ·
406 2706 445 2786 ᾗ
473 2713 533 2769 δὲ
566 2712 713 2786 ἄλλω
733 2712 816 2769 ἀεὶ
848 2720 1021 2788 μορίῳ
1043 2719 1327 2785 διαφέρειν
1345 2714 1555 2784 ἀνάγκη
1576 2713 1639 2768 τοὶ
1660 2713 1896 2783 πρότερα

169 2805 200 2845 c
228 2802 340 2850 τῶν
378 2793 626 2863 ὑστέρων
662 2794 936 2864 γενόμενα
972 2798 1063 2851 καὶ
1100 2796 1165 2851 τά
1207 2796 1410 2864 ὕστερα
1448 2801 1558 2850 τῶν
1595 2796 1894 2865 προτέρων,
