2028 3198
200 1365 283 1411 261

249 2207 281 2248 B

312 124 418 177 244
914 125 1392 175 ΠΛΑΤΩΝΟΣ
1903 137 1986 180 106

316 263 535 322 δέοντος
552 251 1014 328 λελοιδορήκαμεν
1032 259 1135 328 τὴν
1152 263 1265 313 τῶν
1283 258 1468 328 λόγων
1486 261 1710 331 τέχνην;
1729 258 1763 331 ἡ
1785 259 1834 315 δ’
1857 269 1989 325 ἴσως

314 338 387 395 ἂν
409 346 577 394 εἴποι·
613 342 671 393 τί
684 335 830 407 ποτ’,
853 331 898 393 ὦ
916 338 1252 409 θαυμάσιοι,
1274 345 1512 410 ληρεῖτε;
1550 340 1656 411 ἐγω
1675 341 1782 413 γὰρ
1801 340 1983 397 οὐδέν’
2024 390 2025 395 ,

314 418 628 490 ἀγνοοῦντα
664 417 901 489 τάληθὲς
937 417 1225 489 ἀναγκάζω
1257 420 1571 490 μανθάνειν
1601 426 1807 493 λέγειν,
1845 420 1984 491 ἀλλ’,

315 508 460 565 εἴτις
487 497 587 571 ἐμὴ
623 499 907 570 ξυμβουλή
921 540 936 569 ,
973 499 1314 570 κτησάμενος
1343 503 1520 557 ἐκεῖνο
1542 501 1719 568 οὕτως
1739 503 1829 574 ἐμὲ
1851 510 1995 573 λαμ-

314 582 500 653 βάνει·
533 581 661 637 τόδε
689 580 744 636 δ’
777 575 882 636 οὖν
901 583 1039 651 μέγα
1059 582 1200 651 λέγω
1214 624 1227 649 ,
1267 579 1341 646 ὥς
1361 581 1499 638 ἄνευ
1515 587 1652 655 ἐμοῦ
1673 590 1752 658 τῷ
1768 582 1835 639 τα
1855 583 1993 640 ὅντα

316 661 483 718 εἰδότι
504 660 670 718 οὐδέν
688 684 740 717 τι
758 667 969 731 μᾶλλον
990 666 1140 716 ἔσται
1158 668 1374 717 πείθειν
1390 666 1565 735 τέχνῃ.

459 761 607 810 ΦΑΙ.
666 753 897 810 Οὐκοῦν
917 758 1100 810 δίκαια
1118 758 1254 824 ἐρεῖ,
1275 757 1514 825 λέγουσα
1532 762 1729 821 ταῦτα;

456 853 581 903 ΣΩ.
640 854 812 920 Φημί,
834 847 933 904 ἐὰν
952 852 1082 918 οἵγε
1102 847 1346 913 ἐπιόντες
1366 846 1506 920 αὐτῇ
1524 849 1680 919 λόγοι
1698 856 1992 920 μαρτυρῶ-

316 944 406 983 σιν
429 927 567 983 εἶναι
584 932 759 1001 τέχνῃ.
794 930 979 999 ὥσπερ
999 927 1106 998 γὰρ
1128 928 1355 984 ἀκούειν
1373 933 1521 984 δοκῶ
1541 937 1710 985 τινῶν
1727 931 1992 1001 προσιόν-

317 1031 431 1065 των
451 1011 543 1065 καὶ
573 1013 1100 1083 διαμαρτυρομένων
1137 1011 1339 1081 λόγων,
1370 1009 1455 1065 ὅτι
1482 1012 1741 1076 ψεύδεται
1767 1014 1858 1067 καὶ
1887 1010 1991 1066 οὐκ

316 1096 428 1146 ἐστι
445 1092 606 1161 τέχνη
626 1089 747 1147 ἀλλ’
771 1091 995 1162 ἄτεχνος
1013 1093 1198 1163 τριβή·
1224 1097 1327 1147 τοῦ
1343 1093 1402 1145 δὲ
1419 1095 1615 1162 λέγειν,
1637 1093 1807 1163 φησὶν
1826 1090 1854 1147 ὁ
1878 1093 1992 1148 Λά-
2018 1132 2019 1136 =

314 1194 457 1243 κων,
496 1175 692 1242 ἔτυμος
721 1174 878 1243 τέχνη
909 1173 1049 1228 ἄνευ
1078 1179 1179 1227 τοῦ
1210 1171 1473 1243 ἀληθείας
1497 1166 1682 1244 ἧφθαι
1701 1173 1821 1229 οὔτ’
1844 1179 1992 1230 ἔστιν

315 1251 445 1309 οὔτε
464 1253 540 1324 μή
566 1252 703 1308 ποθ’
724 1252 963 1323 ὕστερον
981 1257 1217 1325 γένηται.

457 1351 608 1401 ΦΑΙ.
670 1347 896 1402 Τούτων
930 1351 1016 1402 δεῖ
1040 1353 1151 1402 τῶν
1181 1347 1393 1417 λόγων,
1434 1340 1478 1401 ὦ
1497 1346 1812 1415 Σώκρατες·
1852 1343 1991 1401 ἀλλα

315 1431 481 1497 δεῦρο
502 1427 707 1494 αὐτοὺς
730 1430 996 1500 παράγων
1015 1431 1218 1495 ἐξέταζε
1230 1471 1244 1498 ,
1265 1434 1322 1484 τί
1333 1429 1425 1484 καὶ
1444 1434 1559 1492 πῶς
1578 1429 1850 1496 λέγουσιν.
2025 1491 2028 1503 1

453 1527 579 1577 ΣΩ.
635 1521 841 1592 Πάριτε
862 1523 958 1593 δή,
994 1525 1284 1593 θρέμματα
1301 1532 1557 1591 γενναῖα,
1588 1520 1916 1575 καλλίπαιδά
1935 1541 1991 1575 τε
2021 1534 2028 1596 g

315 1607 562 1673 Φαῖδρον
588 1608 838 1673 πείθετε,
878 1602 950 1668 ὡς
978 1602 1078 1659 ἐὰν
1104 1601 1176 1674 μὴ
1209 1606 1414 1667 ἱκανῶς
1443 1602 1825 1674 φιλοσοφήσῃ,
1863 1600 1992 1658 οὐδὲ
2019 1597 2028 1662 Ξ

314 1683 505 1747 ἱκανός
534 1703 666 1738 ποτε
693 1685 873 1753 λέγειν
895 1687 1046 1738 ἔσται
1065 1685 1189 1752 περὶ
1212 1682 1455 1748 οὐδενός.
1512 1681 1900 1754 ἀποκρινέσθω
1923 1682 1987 1753 δὴ
2015 1669 2028 1783 ᾗ

314 1762 343 1819 ὁ
369 1768 619 1833 Φαῖδρος.
2014 1785 2028 1815 4

458 1862 608 1910 ΦΑΙ.
655 1854 934 1925 Ἐρωτᾶτε.
2019 1818 2028 1871 ³

453 1955 576 2004 Σῼ.
625 1942 733 2018 Ἆρ’
756 1942 861 2003 οὖν
879 1946 948 2003 οὐ
966 1947 1028 2003 τὸ
1048 1950 1150 2018 μὲν
1169 1947 1352 2019 ὅλονὴ
1369 1949 1626 2020 ῥητορικὴ
1644 1946 1717 2003 ἀν
1732 1957 1813 2020 εἴη
1831 1953 1988 2020 τέχνη
2015 1981 2027 2010 -;

311 2035 636 2101 ψυχαγωγία
654 2027 734 2094 τις
763 2028 853 2084 διά
878 2029 1091 2100 λόγων,
1130 2027 1199 2084 ού
1228 2029 1405 2100 μόνον
1435 2032 1496 2085 ἐν
1517 2033 1881 2100 δικαστηρίοις
1900 2034 1989 2087 καὶ

312 2110 436 2177 ὅσοι
457 2110 615 2167 ἄλλοι
638 2110 893 2182 δημόσιοι
912 2110 1200 2181 σύλλογοι,
1232 2109 1370 2166 ἀλλὰ
1390 2111 1482 2166 καὶ
1501 2113 1563 2165 ἐν
1583 2113 1766 2178 ἰδίοις,
1794 2108 1827 2180 ἡ
1849 2109 1985 2182 αὐτη

313 2200 563 2265 σμικρῶν
590 2215 649 2248 τε
678 2195 768 2248 καὶ
796 2193 1053 2264 μεγάλων
1072 2194 1222 2262 πέρι,
1260 2194 1349 2248 καὶ
1371 2190 1539 2247 οὐδὲν
1558 2190 1907 2261 ἐντιμότερον
1925 2193 1989 2248 τό

311 2298 375 2346 γε
394 2274 576 2347 ὀρθὸν
594 2276 719 2344 περὶ
739 2279 1011 2331 σπουδαῖα
1029 2271 1064 2346 ἢ
1083 2276 1206 2344 περὶ
1226 2280 1413 2345 φαῦλα
1430 2274 1789 2345 γιγνόμενον;
1820 2270 1855 2345 ἢ
1874 2282 1989 2339 πῶς

314 2356 384 2411 σύ
404 2355 561 2412 ταῦτ’
588 2356 852 2428 ἀκήκοας;

456 2456 606 2505 ΦΑΙ.
666 2448 751 2506 Οὐ
780 2449 854 2520 μοὶ
883 2450 982 2505 τὸν
998 2448 1094 2505 Δί’
1126 2447 1195 2504 οὐ
1226 2448 1577 2504 παντάπασιν
1606 2447 1809 2517 οὕτως,
1848 2446 1986 2504 ἀλλα

312 2531 546 2602 μάλιστα
575 2533 678 2601 μέν
706 2552 820 2596 πως
848 2533 973 2599 περὶ
1003 2530 1099 2594 τὰς
1130 2536 1283 2594 δίκας
1302 2534 1519 2600 λέγεταί
1530 2552 1586 2585 τε
1608 2531 1699 2585 καὶ
1716 2529 1986 2599 γράφεται

311 2616 498 2685 τέχνῃ,
534 2614 746 2682 λέγεται
779 2614 838 2667 δὲ
863 2614 954 2668 καὶ
974 2615 1097 2683 περὶ
1118 2616 1449 2682 δημηγορίας
1463 2633 1474 2644 ·
1508 2613 1595 2666 ἐπὶ
1614 2612 1781 2665 πλέον
1802 2612 1859 2663 δὲ
1878 2608 1982 2664 οὐκ

312 2694 541 2764 ἀκήκοα.
2008 2766 2010 2769 Ι

450 2780 572 2830 Σῼ.
623 2773 768 2830 Ἀλλ’
816 2769 853 2845 ἦ
889 2774 985 2839 τὰς
1020 2778 1299 2844 Νέστορος
1335 2776 1427 2830 καὶ
1457 2772 1757 2837 Ὀδυσσέως
1791 2776 1980 2843 τέχνας
2008 2847 2011 2850 ⁴
