2028 3198
684 149 954 216 ΦΙΛΗΒ
971 167 1085 216 οΣ.
1653 165 1722 218 83

178 306 349 358 Ilpa.
394 298 702 371 Ὀρθότατα
721 303 911 370 λέγεις,
933 298 1018 354 ὅτι
1039 300 1212 374 ταύτῃ
1230 320 1305 373 πῃ
1325 303 1414 356 δεῖ
1425 303 1721 369 διαπορευ-

39 390 212 455 θῆναι
228 381 291 439 τὸ
310 388 423 438 νῦν
438 382 934 453 μεταδιωκόμενον.

178 470 304 521 ΣιΩ.
355 469 596 532 Πρῶτον
623 464 728 534 μὲν
744 468 938 519 τοίνυν
954 465 1019 519 τό
1025 467 1082 519 δε
1101 467 1432 536 ξυνίδωμεν·
1473 462 1547 530 ὡς
1567 471 1718 536 εἰπερ

39 545 214 612 ὅντως
233 551 346 602 ἔστι
363 543 426 601 τό
445 546 767 616 λεγόμενον,
789 549 1273 618 διαφθειρομένων
1291 547 1393 618 μὲν
1409 543 1596 601 αὐτῶν
1616 545 1716 602 ἀλ·
1742 546 1783 587 Ἐ

35 627 251 698 modu,
272 626 711 698 ἀνασωζομένων
731 627 790 683 δὲ
807 625 985 700 ἡδονή
998 670 1013 700 ,
1033 634 1149 683 τῶν
1166 629 1301 699 μήτε
1322 630 1718 699 διαφθειρομέ-

36 731 153 765 νων
170 708 303 781 μήτε
323 707 758 781 ἀνασωζομένων
776 710 1129 781 ἐννοήσωμεν
1148 711 1297 781 πέρι,
1316 714 1440 765 τίνα
1461 709 1590 765 ποτὲ
1606 710 1720 775 ἕξιν

38 794 125 847 δεῖ
146 791 269 847 τότε
297 793 358 847 ἐν
387 792 639 858 ἑκάστοις
665 791 806 848 εἶναι
834 803 946 857 τοῖς
974 793 1157 861 ζώοις,
1198 790 1334 848 ὅταν
1363 789 1539 855 οὕτως
1568 799 1718 863 ἴσχῃς

39 873 259 944 σφόδρα
281 876 340 929 δὲ
361 869 646 944 προσέχων
664 873 764 929 τὸν
783 881 925 929 νοῦν
943 877 1084 929 εἰπέ·
1121 867 1218 943 ἆρ’
1239 872 1309 928 ού
1333 877 1481 928 πᾶσα
1502 870 1715 943 ἀνάγκη

35 961 148 1010 πᾶν
179 957 241 1011 ἐν
266 962 344 1029 τῷ
371 956 494 1011 τότε
520 956 701 1029 χρόνῳ
733 960 872 1021 ζῶον
890 956 1022 1027 μήτε
1050 978 1101 1011 τι
1119 962 1418 1011 λυπεῖσθαι
1435 953 1570 1025 μήτε
1587 952 1717 1024 ἥδε-

35 1043 172 1092 σθαι
187 1079 201 1104 ,
222 1037 356 1107 μήτε
375 1039 514 1107 μέγα
533 1038 666 1109 μήτε
686 1038 951 1108 σμικρόν;

174 1123 343 1174 ΠΡΩ.
398 1118 630 1193 Ἀνάγκη
650 1118 751 1190 μὲν
770 1113 889 1174 οὖν.

174 1205 300 1256 ΣΩ.
342 1199 571 1256 Οὐκοῦν
589 1207 703 1257 ἔστι
722 1223 802 1265 τις
821 1207 971 1273 τρίτη
991 1200 1150 1272 ἡμῶν
1168 1200 1201 1274 ἡ
1222 1200 1446 1272 τοιαύτη
1470 1194 1715 1264 διάθεσις

34 1280 182 1350 παρά
200 1303 258 1336 τε
276 1281 378 1353 τήν
398 1289 501 1337 τοῦ
518 1287 803 1352 χαίροντος
822 1286 911 1337 καὶ
930 1282 1075 1352 παρὰ
1097 1282 1198 1354 τὴν
1213 1290 1315 1339 τοῦ
1329 1285 1712 1353 λυπουμένους
1742 1284 1797 1329 33

172 1368 343 1419 ΠΡΩ.
406 1369 474 1418 Τι’
488 1364 627 1434 μήν;

174 1449 296 1499 Σῼ.
335 1443 464 1514 ’Ἇγε
485 1444 551 1514 δὴ
574 1450 792 1515 τοίνυν,
832 1445 1031 1515 ταύτης
1052 1453 1354 1516 προθυμοῦ
1371 1452 1711 1517 μεμνῆσθαι·

32 1522 171 1593 πρὸς
200 1525 309 1595 γάρ
338 1524 441 1597 τήν
469 1533 564 1597 τῆς
594 1524 800 1598 ἡδονῆς
830 1532 1012 1596 κρίσιν
1042 1524 1109 1581 οὐ
1140 1524 1377 1597 σμικρὸν
1394 1531 1715 1598 μεμνῆσθαι

32 1606 240 1677 ταύτην
260 1607 386 1663 ἔσθ’
406 1606 540 1678 ἡμῖν
558 1604 593 1678 ἦ
613 1609 701 1678 μή.
741 1607 919 1680 βραχὺ
940 1612 1002 1664 δέ
1017 1631 1066 1663 τι
1086 1611 1208 1675 περὶ
1229 1606 1416 1680 αὐτῆς,
1439 1613 1489 1663 εἰ
1503 1607 1711 1680 βούλει,

32 1688 466 1759 διαπεράνωμεν.

171 1775 341 1825 ΠΡῼ.
398 1771 536 1840 Λέγε
555 1782 731 1827 ποῖον.

174 1855 299 1907 ΣΩ.
360 1857 452 1925 Τῷ
485 1850 585 1907 τὸν
623 1860 725 1907 τοῦ
760 1865 993 1924 φρονεῖν
1031 1855 1270 1925 ἑλομένῳ
1299 1858 1427 1925 βίον
1457 1851 1607 1909 οἷσθ’
1641 1850 1715 1918 ὡς

28 1937 233 1989 τοῦτον
249 1931 349 1988 τὸν
365 1933 578 2002 τρόπον
601 1932 769 1991 οὐδὲν
787 1934 1100 1991 ἀποκωλύει
1119 1939 1229 2007 ζῇν.

168 2020 338 2071 ΠΡΩ.
396 2014 508 2071 Τὸν
525 2022 627 2071 τοῦ
644 2014 717 2087 μὴ
738 2021 948 2087 χαίρειν
967 2017 1104 2088 μηδὲ
1127 2023 1425 2072 λυπεῖσθαι
1444 2015 1642 2085 λέγεις;
1741 2022 1772 2062 Β

169 2101 295 2153 ΣΩ.
350 2094 587 2169 Ἐρρήθη
621 2099 730 2171 γάρ
759 2118 869 2155 που
906 2099 1029 2155 τότε
1070 2101 1131 2154 ἐν
1168 2103 1236 2170 τῇ
1274 2102 1567 2169 παραβολῇ
1599 2102 1712 2152 τῶν

65 2187 192 2252 ίων,
231 2183 405 2254 μηδὲν
434 2187 551 2239 δεῖν
570 2185 703 2255 μήτε
725 2186 863 2255 μέγα
882 2185 1015 2256 μήτε
1036 2181 1272 2254 σμικρὸν
1290 2187 1500 2253 χαίρειν
1516 2187 1594 2255 τῷ
1611 2180 1711 2236 τὸν

58 2270 130 2320 οῦ
152 2275 306 2320 νοεῖν
325 2266 415 2320 καὶ
436 2277 669 2335 φρονεῖν
686 2271 812 2338 βίον
831 2267 1088 2339 ἑλομένῳ.

166 2350 338 2402 Hm.
392 2350 503 2404 Καὶ
521 2348 667 2419 μάλα
685 2347 862 2413 οὕτως
880 2347 1109 2419 ἐρρήθη.

171 2431 296 2482 2:32.
353 2426 583 2483 Οὐκοῦν
602 2423 764 2493 οὗτος
782 2425 853 2484 ἄν
873 2432 1065 2503 ἐκείνῳ
1085 2450 1147 2499 γε
1167 2426 1427 2499 ὑπάρχοι·
1469 2430 1559 2484 καὶ
1581 2436 1710 2493 ἴσως

80 2504 194 2563 ’δὲν
213 2505 423 2562 ἄτοπον
441 2514 492 2563 εἰ
510 2508 735 2565 πάντων
754 2515 867 2564 τῶν
884 2514 1023 2581 βίων
1041 2511 1154 2566 ἐστὶ
1171 2510 1472 2575 θειότατος.

166 2592 334 2644 lma.
373 2588 603 2644 Οὔκουν
622 2589 768 2655 εἰκός
785 2611 847 2662 γε
868 2589 996 2646 οὔτε
1016 2597 1225 2662 χαίρειν
1241 2589 1374 2658 τούς
1391 2591 1563 2657 θεοὺς
1579 2589 1707 2646 οὔτε

56 2667 87 2723 ὁ
111 2670 379 2725 ἐναντίον.

167 2755 291 2807 ΣΩ.
344 2751 510 2807 Πάνυ
537 2752 639 2822 μὲν
669 2746 775 2807 οὖν
803 2750 907 2808 οὐκ
940 2752 1110 2820 εἰκός·
1144 2754 1393 2854 ασχημον
1425 2760 1568 2825 γοῦν
1603 2751 1708 2808 αύ-
