2028 3198
294 103 400 154 266
896 101 1376 150 ΠΛΑΤΩΝΟΣ
1891 63 2028 156 128²}

292 239 470 308 ἑαυτῷ
497 257 555 291 τε
572 232 940 305 ὑπομνήματα
958 233 1456 306 θησαυριζόμενος,
1492 241 1567 301 εἰς
1584 234 1645 291 τὸ
1672 238 1851 308 λήθης
1869 244 1976 309 γῆ-
2024 278 2028 294 «,

291 341 390 389 ρας
409 315 507 372 ε’ἀν
524 320 724 387 ἵκηται,
745 316 837 371 καὶ
855 316 1019 371 παντὶ
1034 322 1111 389 τῷ
1130 313 1334 371 ταύτὸν
1349 325 1498 388 ἴχνος
1513 318 1770 389 μετιόντι,
1791 319 1975 391 ἡσθή-
2023 345 2028 378 ῑ

291 405 447 455 σεταί
470 420 528 454 τε
567 396 772 462 αὐτοὺς
805 403 1044 468 θεωρῶν
1078 400 1395 469 φυομένους
1431 397 1704 466 ἁπαλούς·
1742 399 1878 456 ὅταν
1913 402 1974 458 δὲ
2025 391 2028 393 ”

289 480 449 537 ἄλλοι
481 483 722 545 παιδιαῖς
740 478 931 545 ἄλλαις
950 486 1216 551 χρῶνται,
1256 487 1581 551 συμποσίοις
1615 504 1674 537 τε
1711 481 1975 553 ἅρδοντες

231 634 234 636 -
289 560 496 627 αὐτούς
525 563 728 632 ἑτέροις
756 583 814 617 τε
843 561 948 617 ὅσα
974 561 1188 631 τούτων
1217 560 1458 634 ἀδελφά,
1489 561 1604 620 τότ’
1630 567 1860 637 ἐκεῖνος,
1901 563 1975 631 ὡς

287 649 466 702 ἔοικεν
478 687 493 714 ,
514 642 638 700 ἀντὶ
655 644 871 700 τούτων
890 641 970 708 οἷς
989 646 1128 713 λέγω
1148 649 1353 710 παίζων
1373 645 1556 711 διάξει.

217 744 251 784 Ε
432 732 579 782 ΦΑΙ.
640 728 947 798 Παγκαλην
982 727 1155 796 λέγεις
1190 724 1337 797 παρὰ
1375 727 1600 798 φαύλην
1636 729 1972 798 παιδιάν,ω
1951 724 1974 748 ³

288 810 603 914 Σώκρατες,
622 816 723 864 τοῦ
741 812 802 864 ἐν
819 808 1005 879 λόγοις
1027 812 1344 879 δυναμένου
1364 814 1598 881 παίζειν,
1621 811 1975 881 δικαιοσύνης

287 914 344 947 τε
365 894 457 947 καὶ
475 891 662 947 ἄλλων
684 883 765 945 ὠν
788 892 959 960 λέγεις
977 892 1100 959 πέρι
1118 899 1561 962 μυθολογοῦντα.

429 979 552 1029 ΣΩ.
599 972 752 1027 ’Ἐστι
770 995 893 1043 γαρ,
916 976 958 1027 ὠ
982 978 1104 1043 φίλε
1119 976 1341 1043 Φαῖδρε,
1363 973 1536 1028 ου’τω·
1556 973 1700 1030 πολὺ
1720 973 1784 1046 δ’,
1805 973 1971 1045 οἶμαι,

291 1064 532 1114 καλλίων
553 1054 767 1126 σπουδὴ
788 1057 912 1125 περὶ
932 1055 1070 1111 αὐτὰ
1091 1062 1351 1127 γίγνεται,
1366 1055 1502 1112 ὅταν
1519 1080 1598 1123 τις
1616 1064 1680 1130 τῇ
1702 1063 1970 1114 διαλεκτι-

293 1146 363 1212 κῇ
382 1141 541 1211 τέχνῃ
558 1139 835 1208 χρώμενος
848 1181 863 1208 ‚
898 1137 1086 1210 λαβών
1101 1137 1283 1209 ψυχὴν
1299 1139 1696 1211 προσήκουσαν
1708 1181 1724 1210 ,
1757 1139 1973 1212 φυτεύῃ

293 1244 350 1277 τε
370 1223 460 1277 καὶ
479 1225 674 1291 σπείρῃ
694 1217 810 1289 μετ’
839 1218 1133 1291 ἐπιστήμης
1148 1220 1368 1291 λόγους,
1391 1226 1445 1276 οἳ
1461 1221 1673 1286 ἑαυτοῖς
1691 1227 1765 1295 τῷ
1786 1243 1843 1277 τε
1861 1243 1973 1292 φυ-

178 1318 263 1364 277
290 1302 543 1359 τεύσαντι
579 1307 812 1372 βοηθεῖν
842 1302 1019 1356 ἱκανοὶ
1050 1303 1141 1357 καὶ
1171 1300 1292 1372 οὐχὶ
1324 1301 1563 1371 ἄκαρποι
1593 1299 1729 1359 ἀλλὰ
1760 1307 1973 1374 ἔχοντες
2021 1342 2028 1362 .

291 1389 532 1455 σπέρμα,
573 1382 714 1439 ὅθεν
745 1382 901 1438 ἄλλοι
930 1385 991 1438 έν
1017 1381 1202 1448 ἄλλοις
1231 1383 1397 1454 ἤθεσι
1418 1384 1692 1454 φυόμενοι
1710 1383 1866 1440 τοῦτ’
1886 1383 1969 1439 ἀεὶ

289 1465 577 1522 ἀθάνατον
606 1469 862 1536 παρέχειν
892 1469 1077 1520 ἱκανοί
1085 1508 1099 1535 ‚
1136 1468 1226 1520 καὶ
1256 1463 1355 1520 τὸν
1390 1469 1580 1535 ἔχοντα
1623 1463 1971 1537 εὐδαιμονεῖν

289 1555 578 1613 ποιοῦντες
599 1553 674 1613 εἰς
696 1545 832 1603 ὅσον
853 1547 1140 1621 ἀνθρώπῳ
1161 1545 1402 1603 δυνατὸν
1422 1548 1669 1618 μάλιστα.

434 1636 586 1687 ΦΑΙ.
641 1627 801 1685 Πολύ
823 1628 927 1700 γὰρ
947 1627 1097 1684 τοῦτ’
1126 1634 1203 1685 ἔτι
1223 1628 1452 1685 κάλλιον
1472 1630 1660 1699 λέγεις.
2026 1686 2028 1694 ,

430 1719 582 1769 LXII.
656 1717 779 1767 ΣΩ.
839 1718 970 1767 Νῦν
996 1712 1062 1782 δὴ
1087 1714 1266 1767 ἐκεῖνα
1285 1710 1390 1782 ἤδη
1406 1754 1419 1780 ,
1460 1705 1503 1766 ὦ
1522 1714 1754 1781 Φαῖδρε,
1794 1710 1971 1766 δυνα-
2013 1699 2028 1724 ⁸*

291 1804 439 1866 μεθα
458 1801 696 1863 κρίνειν,
716 1793 930 1848 τούτων
952 1791 1405 1864 ὡμολογημένων.

433 1881 584 1931 ΦΑΙ.
642 1881 691 1929 Τ
689 1873 722 1928 ὰ
743 1887 894 1938 ποῖα;

431 1963 555 2013 ΣΩ.
604 1950 703 2012 Ὧν
731 1955 796 2027 δὴ
831 1959 954 2027 πέρι
981 1959 1351 2027 βουληθέντες
1380 1959 1516 2010 ἰδεῖν
1545 1954 1864 2026 ἀφικόμεθα
1893 1961 1971 2020 εἰς

231 2056 263 2097 Β
294 2041 437 2112 τόδε,
458 2038 606 2104 ὅπως
629 2036 690 2094 τὸ
712 2043 929 2095 Λυσίου
947 2059 1004 2092 τε
1025 2037 1237 2102 ὄνειδος
1255 2037 1605 2106 ἐξετάσαιμεν
1623 2043 1718 2106 τῆς
1736 2058 1850 2091 των
1871 2037 1970 2091 λό-

289 2145 408 2193 γων
437 2127 654 2193 γραφῆς
682 2122 834 2192 πέρι,
875 2120 967 2175 καὶ
997 2118 1200 2183 αὐτοὺς
1228 2117 1358 2183 τοὺς
1386 2117 1587 2188 λόγους
1617 2123 1674 2173 οἳ
1698 2118 1857 2190 τέχνῃ
1878 2119 1970 2173 καὶ

293 2203 430 2260 ἄνευ
449 2205 637 2275 τέχνης
655 2202 977 2274 γράφοιντο.
1019 2200 1079 2255 τὸ
1100 2204 1202 2271 μὲν
1219 2194 1325 2255 οὖν
1342 2203 1596 2269 ἔντεχνον
1615 2200 1705 2254 καὶ
1723 2197 1796 2270 μὴ
1822 2203 1978 2254 δοκεῖ

289 2309 383 2358 μοι
403 2290 751 2356 δεδηλῶσθαι
768 2289 1011 2355 μετρίως.

435 2373 586 2422 ΦΑΙ.
628 2365 822 2432 ’Ἐδοξέ
837 2387 899 2437 γε
919 2365 1011 2436 δή·
1033 2365 1202 2420 πάλιν
1221 2364 1280 2420 δὲ
1299 2361 1629 2435 ὑπόμνησόν
1645 2384 1712 2434 με
1731 2368 1859 2426 πῶς.

432 2454 556 2504 ΣΩ.
609 2448 755 2517 Πρὶν
790 2446 863 2501 ἄν
901 2468 981 2511 τις
1014 2445 1077 2501 τό
1113 2467 1171 2500 τε
1206 2444 1411 2516 ἀληθὲς
1441 2446 1687 2502 ἑκάστων
1708 2448 1827 2515 εἰδῇ
1846 2445 1968 2511 πέρι
2020 2445 2028 2495 ⁴.

288 2524 372 2586 ὧν
399 2533 543 2600 λέγει
569 2527 605 2601 ἦ
633 2529 864 2599 γράφει,
896 2525 1016 2583 κατ’
1048 2525 1185 2582 αὐτό
1211 2549 1269 2582 τε
1297 2534 1409 2582 πᾶν
1440 2526 1717 2597 ὁρίζεσθαι
1736 2522 1969 2588 δυνατὸς

290 2613 541 2682 γένηται,
579 2607 911 2680 ὁρισάμενός
940 2630 997 2663 τε
1027 2608 1196 2663 πάλιν
1223 2607 1347 2663 κατ’
1370 2613 1486 2679 εἴδη
1506 2611 1661 2679 μέχρι
1676 2611 1776 2662 τοῦ
1796 2603 1968 2674 ἀτμή-

287 2715 391 2748 του
409 2695 627 2763 τέμνειν
649 2694 941 2763 έπιστηθῇ·
966 2695 1095 2761 περί
1108 2711 1166 2745 τε
1184 2696 1361 2760 ψυχῆς
1379 2689 1597 2759 φύσεως
1618 2683 1809 2741 διιδών
1827 2682 1965 2740 κατὰ
