2028 3198
0 0 7 25 Ι
95 21 106 33 ..
176 0 296 35 {a
334 0 458 29 ‚1--22-
540 0 1096 29 '‘·‘·“·.··,‘-2w⁹*³›⁴,*''·*·
1271 8 1273 10 ·
1351 3 1356 9 ·
1448 1 1513 12 ··

0 0 58 91 [ἒ
699 80 706 86 ,
890 43 909 59 ‘
971 38 975 45 '

43 108 113 197 29
610 139 1164 189 ΑΛΚΙΒΙΑΔΗΣ.
1641 134 1747 187 299

194 281 319 333 ΣΩ.
378 274 531 344 Οὔκ,
571 266 616 329 ὦ
643 270 811 343 ’γαθέ
819 314 835 342 ,
871 269 1011 328 ἀλλὰ
1041 269 1180 342 πρὸς
1198 275 1443 328 Μειδίαν
1462 287 1523 327 σε
1546 274 1633 327 δεῖ
1645 268 1744 327 τὸν

55 358 475 429 ὀρτυγοτρόφον
510 354 848 427 ἀποβλέπειν
883 356 973 410 καὶ
1002 351 1209 419 ἄλλους
1239 354 1552 425 τοιούτους,
1593 359 1650 410 οἳ
1673 355 1739 409 τὰ
1772 362 1805 403 Β

56 449 153 513 τῆς
169 440 382 504 πόλεως
398 437 657 507 πράττειν
676 440 1073 508 ἐπιχειροῦσιν,
1094 440 1172 492 ἔτι
1196 436 1299 507 τὴν
1316 434 1739 507 ἀνδραποδώδη,

56 534 222 593 φαῖεν
241 518 314 576 ἂν
332 524 395 576 αἱ
408 531 685 590 γυναῖκες,
707 524 863 590 τρίχα
884 525 1098 590 ἔχοντες
1115 522 1178 576 έν
1198 526 1267 593 τῇ
1286 525 1434 591 ψυχῇ
1453 516 1540 574 ὑπ’
1562 517 1741 590 ἀμου-

54 610 176 669 σίας
193 605 284 659 καὶ
303 600 461 658 οὔπω
482 600 947 673 ἀποβεβληκότες,
985 606 1062 657 ἔτι
1083 601 1142 658 δὲ
1167 606 1589 674 βαρβαρίζοντες
1617 604 1742 671 έλη-

56 686 263 743 λύθασι
306 686 739 750 κολακεύσοντες
784 682 890 755 τὴν
926 684 1090 740 πόλιν
1103 726 1117 753 ,
1164 682 1289 740 ἀλλ’
1326 682 1430 740 οὐκ
1466 683 1741 753 ἄρξοντες.

58 768 196 839 πρὸς
211 767 446 832 τούτους
466 785 525 822 σε
547 771 655 837 δεῖ,
688 766 897 836 οὕσπερ
927 770 1094 836 λέγω,
1136 770 1411 837 βλέποντα
1441 773 1652 822 σαυτοῦ
1682 766 1741 823 δὲ

58 850 278 921 ἀμελεῖν
291 893 304 918 ,
336 851 425 905 καὶ
447 850 581 920 μήτε
599 849 914 919 μανθάνειν
933 847 1038 903 ὅσα
1056 847 1352 919 μαθήσεως
1371 853 1545 918 ἔχεται
1559 889 1572 914 ,
1611 850 1744 918 μέλ-

55 942 224 988 λοντα
259 939 531 988 τοσοῦτον
565 930 756 1001 ἀγῶνα
793 928 1187 1000 ἀγωνίζεσθαι,
1239 928 1372 1000 μήτε
1412 926 1603 984 ἀσκεῖν
1638 927 1742 983 ὅσα

54 1019 226 1071 δεῖται
243 1012 555 1086 ἀσκήσεως,
595 1015 685 1068 καὶ
706 1019 891 1067 πᾶσαν
910 1011 1270 1082 παρασκευὴν
1288 1012 1735 1081 παρεσκευασμέ-
1769 1020 1800 1062 G

57 1118 160 1152 νον
178 1094 354 1161 οὕτως
375 1099 513 1151 ἰέναι
532 1095 618 1150 ἐπὶ
635 1094 701 1148 τά
722 1100 817 1164 τῆς
836 1095 1063 1159 πόλεως.

199 1185 316 1233 ΑΛ.
374 1175 538 1246 Ἀλλ’,
584 1171 628 1232 ὦ
657 1177 977 1245 Σώκρατες,
1018 1181 1197 1242 δοκεῖς
1215 1178 1317 1248 μέν
1336 1198 1429 1247 μοι
1446 1174 1633 1248 ἀληθῆ
1650 1179 1741 1231 λέ-

55 1283 195 1332 γειν,
215 1259 363 1332 οἶμαι
384 1262 570 1331 μέντοι
590 1258 720 1324 τούς
738 1281 795 1314 τε
814 1262 1270 1329 Λακεδαιμονίων
1291 1257 1630 1328 στρατηγοὺς
1649 1257 1740 1312 καὶ

56 1343 158 1400 τὸν
179 1349 416 1412 Περσῶν
434 1345 662 1414 βασιλέα
685 1341 850 1397 οὐδὲν
871 1344 1153 1411 διαφέρειν
1170 1346 1283 1395 τῶν
1303 1338 1504 1395 ἄλλων.

198 1430 323 1481 ΣΩ.
375 1423 540 1494 Ἀλλ’,
564 1418 606 1479 ὦ
628 1424 832 1492 ἄριστε,
853 1424 954 1494 τὴν
975 1431 1157 1494 οἴησιν
1175 1421 1383 1492 ταύτην
1402 1420 1595 1477 σκόπει
1616 1424 1739 1476 οἳαν

52 1512 204 1579 ἔχεις.

198 1594 315 1644 ΑΛ.
378 1594 491 1644 Τοῦ
512 1591 662 1656 πέρι;

198 1676 322 1727 ΣΩ.
370 1676 607 1738 Πρῶτον
646 1668 747 1740 μὲν
786 1672 1027 1737 ποτέρως
1055 1666 1128 1725 ἀν
1160 1677 1261 1726 οἰέι
1289 1675 1498 1725 σαυτοῦ
1526 1673 1739 1739 μᾶλλον

54 1759 481 1826 ἐπιμεληθῆναι,
521 1751 872 1824 φοβούμενός
907 1774 961 1807 τε
994 1754 1083 1808 καὶ
1114 1752 1366 1823 οἰόμενος
1397 1748 1614 1816 δεινοὺς
1632 1749 1738 1806 αὐ·-
1766 1766 1802 1807 D

54 1838 187 1902 τούς
209 1835 374 1907 εἶναι,
396 1832 433 1907 ἦ
454 1837 556 1907 μή;

196 1924 315 1974 ΑΛ.
370 1925 564 1988 Δῆλον
583 1916 666 1973 ὅτι
686 1922 736 1972 εἰ
752 1916 968 1981 δεινοὺς
988 1921 1220 1987 οἰοίμην.

196 2005 319 2056 ΣΩ.
392 2006 543 2055 Μῶν
589 1994 695 2055 οὖν
742 2007 843 2055 οἴει
891 2021 941 2054 τι
978 1998 1359 2070 βλαβήσεσθαι
1394 1998 1740 2069 ἐπιμεληθεὶς

56 2087 296 2147 σαυτοῦ;

203 2170 318 2218 ΑΛ.
378 2162 678 2235 Οὐδαμῶς,
700 2163 837 2220 ἀλλὰ
858 2163 948 2219 καὶ
968 2161 1177 2231 μεγάλα
1199 2159 1517 2230 ὀνήσεσθαι.

5 2304 12 2315 ,
195 2250 320 2300 ΣΩ.
374 2245 602 2301 Οὐκοῦν
632 2250 693 2301 ’ἐν
717 2247 818 2316 μὲν
835 2250 998 2300 τοῦτο
1019 2249 1251 2299 τοσοῦτο
1271 2242 1446 2299 κακὸν
1462 2247 1569 2314 ἔχει
1596 2240 1629 2314 ἡ
1655 2250 1740 2299 ol‘-

6 2327 31 2388 [³³
55 2344 175 2398 ησις
195 2325 353 2397 αὕτη.

7 2404 13 2425 ²
197 2416 314 2465 ΑΛ.
365 2410 566 2480 Ἀληθῆ
587 2412 772 2479 λέγεις.

197 2498 320 2548 ΣΩ.
383 2490 458 2547 Tb
481 2492 742 2560 δεύτερον
761 2495 980 2560 τοίνυν,
1018 2489 1100 2545 ὅτι
1120 2491 1210 2545 καὶ
1231 2489 1440 2560 ψευδής
1457 2490 1635 2559 ἐστιν,
1678 2489 1738 2543 ἐκ

24 2568 33 2618 ,¹
52 2582 169 2631 τῶν
189 2576 418 2631 εἰκότων
437 2579 647 2640 σκέψαι.

197 2663 314 2713 AA.
371 2663 498 2721 Πῶς
520 2657 616 2727 δή;

196 2746 320 2795 ΣΩ.
376 2740 630 2806 Πότερον
658 2737 804 2804 είκός
835 2736 1091 2809 ἀμείνους
1120 2742 1411 2810 γίγνεσθαι
1447 2735 1643 2805 φύσεις
1677 2735 1738 2791 ἐν

54 2827 331 2890 γενναίοις
351 2822 568 2893 γένεσιν
587 2817 622 2890 ἢ
641 2821 741 2891 μή;
1772 2831 1807 2871 F:
