<?xml version="1.0" encoding="UTF-8"?>
<!DOCTYPE html PUBLIC "-//W3C//DTD XHTML 1.0 Transitional//EN"
    "http://www.w3.org/TR/xhtml1/DTD/xhtml1-transitional.dtd">
<html xmlns="http://www.w3.org/1999/xhtml" xml:lang="en" lang="en">
 <head>
  <title>
</title>
<meta http-equiv="Content-Type" content="text/html;charset=utf-8" />
  <meta name='ocr-system' content='tesseract 3.04.00' />
  <meta name='ocr-capabilities' content='ocr_page ocr_carea ocr_par ocr_line ocrx_word'/>
</head>
<body>
  <div class='ocr_page' id='page_1' title='image "./dialogisecumdumt02platuoft_0370.png"; bbox 0 0 2028 3198; ppageno 0'>
   <div class='ocr_carea' id='block_1_1' title="bbox 280 179 1975 235">
    <p class='ocr_par' dir='ltr' id='par_1_1' title="bbox 280 179 1975 235">
     <span class='ocr_line' id='line_1_1' title="bbox 280 179 1975 235; baseline 0.001 -4"><span class='ocrx_word' id='word_1_1' title='bbox 280 179 384 232; x_wconf 83' lang='lat'><em>340</em></span> <span class='ocrx_word' id='word_1_2' title='bbox 617 181 1164 228; x_wconf 84' lang='grc' dir='ltr'><em>ΑΛΚΙΒΙΑΔΗΣ</em></span> <span class='ocrx_word' id='word_1_3' title='bbox 1196 182 1645 230; x_wconf 75' lang='grc' dir='ltr'><em>ΔΕΥΤΕΡΟΣ.</em></span> <span class='ocrx_word' id='word_1_4' title='bbox 1917 190 1975 235; x_wconf 85' lang='lat'><em>70</em></span> 
     </span>
    </p>
   </div>
   <div class='ocr_carea' id='block_1_2' title="bbox 174 312 2028 2941">
    <p class='ocr_par' dir='ltr' id='par_1_2' title="bbox 280 312 1972 795">
     <span class='ocr_line' id='line_1_2' title="bbox 281 312 1971 387; baseline 0.002 -19"><span class='ocrx_word' id='word_1_5' title='bbox 281 323 516 370; x_wconf 78' lang='grc' dir='ltr'><em>πτεσθαι</em></span> <span class='ocrx_word' id='word_1_6' title='bbox 541 313 576 369; x_wconf 79' lang='grc' dir='ltr'>ὅ</span> <span class='ocrx_word' id='word_1_7' title='bbox 593 336 645 369; x_wconf 78' lang='grc' dir='ltr'><em>τι</em></span> <span class='ocrx_word' id='word_1_8' title='bbox 663 313 898 383; x_wconf 89' lang='grc' dir='ltr'><em>μάλιστα</em></span> <span class='ocrx_word' id='word_1_9' title='bbox 920 312 1021 384; x_wconf 79' lang='grc' dir='ltr'><em>τὴν</em></span> <span class='ocrx_word' id='word_1_10' title='bbox 1041 312 1216 369; x_wconf 87' lang='grc' dir='ltr'><em>αὑτοῦ</em></span> <span class='ocrx_word' id='word_1_11' title='bbox 1233 318 1466 384; x_wconf 82' lang='grc' dir='ltr'><em>σοφίαν,</em></span> <span class='ocrx_word' id='word_1_12' title='bbox 1488 312 1792 387; x_wconf 73' lang='grc' dir='ltr'><strong><em>ὑπερφυῶς</em></strong></span> <span class='ocrx_word' id='word_1_13' title='bbox 1813 314 1881 385; x_wconf 79' lang='grc' dir='ltr'><em>δὴ</em></span> <span class='ocrx_word' id='word_1_14' title='bbox 1910 315 1971 370; x_wconf 83' lang='grc' dir='ltr'>τό</span> 
     </span>
     <span class='ocr_line' id='line_1_3' title="bbox 280 394 1971 466; baseline 0.002 -16"><span class='ocrx_word' id='word_1_15' title='bbox 280 404 460 466; x_wconf 86' lang='grc' dir='ltr'><em>χρῆμα</em></span> <span class='ocrx_word' id='word_1_16' title='bbox 495 394 567 461; x_wconf 82' lang='grc' dir='ltr'><em>ῶς</em></span> <span class='ocrx_word' id='word_1_17' title='bbox 598 395 958 465; x_wconf 88' lang='grc' dir='ltr'><em>δύσγνωστον</em></span> <span class='ocrx_word' id='word_1_18' title='bbox 987 402 1270 466; x_wconf 85' lang='grc' dir='ltr'><em>φαίνεται,</em></span> <span class='ocrx_word' id='word_1_19' title='bbox 1307 394 1340 451; x_wconf 83' lang='grc' dir='ltr'>ὅ</span> <span class='ocrx_word' id='word_1_20' title='bbox 1368 402 1425 451; x_wconf 88' lang='grc' dir='ltr'><em>τί</em></span> <span class='ocrx_word' id='word_1_21' title='bbox 1439 417 1568 452; x_wconf 89' lang='grc' dir='ltr'><em>ποτε</em></span> <span class='ocrx_word' id='word_1_22' title='bbox 1588 404 1821 453; x_wconf 83' lang='grc' dir='ltr'><strong><em>νοοῦσιν</em></strong></span> <span class='ocrx_word' id='word_1_23' title='bbox 1841 398 1971 453; x_wconf 75' lang='grc' dir='ltr'><em>ἕκα-</em></span> 
     </span>
     <span class='ocr_line' id='line_1_4' title="bbox 281 475 1972 548; baseline 0.002 -16"><span class='ocrx_word' id='word_1_24' title='bbox 281 496 407 542; x_wconf 89' lang='grc' dir='ltr'><em>στος</em></span> <span class='ocrx_word' id='word_1_25' title='bbox 436 476 639 532; x_wconf 82' lang='grc' dir='ltr'><em>αὐτῶν.</em></span> <span class='ocrx_word' id='word_1_26' title='bbox 678 475 748 531; x_wconf 87' lang='grc' dir='ltr'><em>ού</em></span> <span class='ocrx_word' id='word_1_27' title='bbox 777 475 884 547; x_wconf 76' lang='grc' dir='ltr'><em>γὰρ</em></span> <span class='ocrx_word' id='word_1_28' title='bbox 918 477 1099 548; x_wconf 81' lang='grc' dir='ltr'><em>δήπου</em></span> <span class='ocrx_word' id='word_1_29' title='bbox 1122 476 1372 548; x_wconf 65' lang='grc' dir='ltr'><em>ΓὈμηρόν</em></span> <span class='ocrx_word' id='word_1_30' title='bbox 1400 501 1461 548; x_wconf 89' lang='grc' dir='ltr'><em>γε</em></span> <span class='ocrx_word' id='word_1_31' title='bbox 1480 477 1579 535; x_wconf 81' lang='grc' dir='ltr'><em>τὸν</em></span> <span class='ocrx_word' id='word_1_32' title='bbox 1600 480 1897 535; x_wconf 81' lang='grc' dir='ltr'><em>θειότατόν</em></span> <span class='ocrx_word' id='word_1_33' title='bbox 1915 501 1972 535; x_wconf 88' lang='grc' dir='ltr'><em>τε</em></span> 
     </span>
     <span class='ocr_line' id='line_1_5' title="bbox 287 555 1972 632; baseline 0.001 -17"><span class='ocrx_word' id='word_1_34' title='bbox 287 562 378 615; x_wconf 82' lang='grc' dir='ltr'><em>καὶ</em></span> <span class='ocrx_word' id='word_1_35' title='bbox 400 560 730 630; x_wconf 75' lang='grc' dir='ltr'><em>σοφώτατον</em></span> <span class='ocrx_word' id='word_1_36' title='bbox 749 558 984 630; x_wconf 80' lang='grc' dir='ltr'><em>ποιητὴν</em></span> <span class='ocrx_word' id='word_1_37' title='bbox 1006 556 1231 630; x_wconf 79' lang='grc' dir='ltr'><em>ἀγνοεῖν</em></span> <span class='ocrx_word' id='word_1_38' title='bbox 1251 562 1445 629; x_wconf 87' lang='grc' dir='ltr'><em>δοκεῖς,</em></span> <span class='ocrx_word' id='word_1_39' title='bbox 1470 555 1540 625; x_wconf 78' lang='grc' dir='ltr'><em>ῶς</em></span> <span class='ocrx_word' id='word_1_40' title='bbox 1559 559 1661 630; x_wconf 83' lang='grc' dir='ltr'><em>οὐχ</em></span> <span class='ocrx_word' id='word_1_41' title='bbox 1683 557 1806 616; x_wconf 83' lang='grc' dir='ltr'><em>οἷόν</em></span> <span class='ocrx_word' id='word_1_42' title='bbox 1825 583 1882 616; x_wconf 88' lang='grc' dir='ltr'><em>τε</em></span> <span class='ocrx_word' id='word_1_43' title='bbox 1901 556 1972 632; x_wconf 81' lang='grc' dir='ltr'><em>ἦν</em></span> 
     </span>
     <span class='ocr_line' id='line_1_6' title="bbox 287 639 1971 713; baseline 0.001 -16"><span class='ocrx_word' id='word_1_44' title='bbox 287 645 616 697; x_wconf 80' lang='grc' dir='ltr'><em>ἐπίστασθαι</em></span> <span class='ocrx_word' id='word_1_45' title='bbox 647 649 830 705; x_wconf 90' lang='grc' dir='ltr'><em>κακῶς</em></span> <span class='ocrx_word' id='word_1_46' title='bbox 846 663 857 673; x_wconf 89' lang='grc'><em>·</em></span> <span class='ocrx_word' id='word_1_47' title='bbox 901 643 1109 705; x_wconf 87' lang='grc' dir='ltr'><em>ἐκεῖνος</em></span> <span class='ocrx_word' id='word_1_48' title='bbox 1137 641 1244 711; x_wconf 83' lang='grc' dir='ltr'><em>γάρ</em></span> <span class='ocrx_word' id='word_1_49' title='bbox 1265 642 1414 695; x_wconf 90' lang='grc' dir='ltr'><em>ἐστιν</em></span> <span class='ocrx_word' id='word_1_50' title='bbox 1433 639 1462 696; x_wconf 84' lang='grc' dir='ltr'>ὁ</span> <span class='ocrx_word' id='word_1_51' title='bbox 1484 646 1660 711; x_wconf 90' lang='grc' dir='ltr'><em>λέγων</em></span> <span class='ocrx_word' id='word_1_52' title='bbox 1680 641 1782 698; x_wconf 89' lang='grc' dir='ltr'><em>τὸν</em></span> <span class='ocrx_word' id='word_1_53' title='bbox 1802 651 1971 713; x_wconf 89' lang='grc' dir='ltr'><em>Μαρ-</em></span> 
     </span>
     <span class='ocr_line' id='line_1_7' title="bbox 285 722 1972 795; baseline 0.001 -16"><span class='ocrx_word' id='word_1_54' title='bbox 285 730 447 795; x_wconf 87' lang='grc' dir='ltr'><em>γίτην</em></span> <span class='ocrx_word' id='word_1_55' title='bbox 486 722 663 780; x_wconf 71' lang='grc' dir='ltr'><em>πολλοὶ</em></span> <span class='ocrx_word' id='word_1_56' title='bbox 701 724 803 794; x_wconf 75' lang='grc' dir='ltr'><em>μὲν</em></span> <span class='ocrx_word' id='word_1_57' title='bbox 842 727 1197 791; x_wconf 83' lang='grc' dir='ltr'><em>ἐπίστασθαι,</em></span> <span class='ocrx_word' id='word_1_58' title='bbox 1246 730 1428 787; x_wconf 87' lang='grc' dir='ltr'><em>κακῶς</em></span> <span class='ocrx_word' id='word_1_59' title='bbox 1468 725 1552 794; x_wconf 90' lang='grc' dir='ltr'><em>δέ,</em></span> <span class='ocrx_word' id='word_1_60' title='bbox 1593 730 1755 795; x_wconf 85' lang='grc' dir='ltr'><em>φησί,</em></span> <span class='ocrx_word' id='word_1_61' title='bbox 1793 725 1972 780; x_wconf 75' lang='grc' dir='ltr'><em>πάντα</em></span> 
     </span>
    </p>

    <p class='ocr_par' dir='ltr' id='par_1_3' title="bbox 219 803 1976 1369">
     <span class='ocr_line' id='line_1_8' title="bbox 219 803 1973 877; baseline 0.002 -17"><span class='ocrx_word' id='word_1_62' title='bbox 219 821 253 860; x_wconf 87' lang='grc' dir='ltr'><em>Ι)</em></span> <span class='ocrx_word' id='word_1_63' title='bbox 286 804 549 876; x_wconf 83' lang='grc' dir='ltr'><em>ἠπίστατο</em></span> <span class='ocrx_word' id='word_1_64' title='bbox 567 827 577 837; x_wconf 87' lang='grc'><em>·</em></span> <span class='ocrx_word' id='word_1_65' title='bbox 599 803 723 861; x_wconf 73' lang='grc' dir='ltr'><em>ἀλλ’</em></span> <span class='ocrx_word' id='word_1_66' title='bbox 747 811 1064 874; x_wconf 80' lang='grc' dir='ltr'><em>αἰνίττεται,</em></span> <span class='ocrx_word' id='word_1_67' title='bbox 1100 803 1277 875; x_wconf 78' lang='grc' dir='ltr'><em>οἶμαι,</em></span> <span class='ocrx_word' id='word_1_68' title='bbox 1299 807 1566 876; x_wconf 87' lang='grc' dir='ltr'><em>παράγων</em></span> <span class='ocrx_word' id='word_1_69' title='bbox 1584 803 1645 860; x_wconf 81' lang='grc' dir='ltr'><em>τὸ</em></span> <span class='ocrx_word' id='word_1_70' title='bbox 1668 813 1849 870; x_wconf 85' lang='grc' dir='ltr'><em>κακῶς</em></span> <span class='ocrx_word' id='word_1_71' title='bbox 1874 807 1973 877; x_wconf 75' lang='grc' dir='ltr'><em>μὲν</em></span> 
     </span>
     <span class='ocr_line' id='line_1_9' title="bbox 285 885 1973 959; baseline 0.001 -18"><span class='ocrx_word' id='word_1_72' title='bbox 285 887 407 943; x_wconf 74' lang='grc' dir='ltr'><em>ἀντὶ</em></span> <span class='ocrx_word' id='word_1_73' title='bbox 446 896 548 943; x_wconf 84' lang='grc' dir='ltr'><em>τοῦ</em></span> <span class='ocrx_word' id='word_1_74' title='bbox 588 895 793 959; x_wconf 87' lang='grc' dir='ltr'><em>κακοῦ,</em></span> <span class='ocrx_word' id='word_1_75' title='bbox 839 887 896 942; x_wconf 87' lang='grc' dir='ltr'><em>τὸ</em></span> <span class='ocrx_word' id='word_1_76' title='bbox 939 889 997 941; x_wconf 82' lang='grc' dir='ltr'><em>δὲ</em></span> <span class='ocrx_word' id='word_1_77' title='bbox 1033 886 1296 957; x_wconf 86' lang='grc' dir='ltr'><em>ήπίστατο</em></span> <span class='ocrx_word' id='word_1_78' title='bbox 1337 885 1458 942; x_wconf 78' lang='grc' dir='ltr'><em>ἀντὶ</em></span> <span class='ocrx_word' id='word_1_79' title='bbox 1486 893 1586 942; x_wconf 85' lang='grc' dir='ltr'><em>τοῦ</em></span> <span class='ocrx_word' id='word_1_80' title='bbox 1620 889 1947 944; x_wconf 78' lang='grc' dir='ltr'><em>ἐπίστασθαι</em></span> <span class='ocrx_word' id='word_1_81' title='bbox 1962 910 1973 922; x_wconf 93' lang='grc'><em>·</em></span> 
     </span>
     <span class='ocr_line' id='line_1_10' title="bbox 285 965 1971 1042; baseline 0 -16"><span class='ocrx_word' id='word_1_82' title='bbox 285 978 532 1041; x_wconf 89' lang='grc' dir='ltr'><em>γίγνεται</em></span> <span class='ocrx_word' id='word_1_83' title='bbox 563 965 668 1026; x_wconf 77' lang='grc' dir='ltr'><em>οὖν</em></span> <span class='ocrx_word' id='word_1_84' title='bbox 697 970 970 1025; x_wconf 76' lang='grc' dir='ltr'><em>συντεθὲν</em></span> <span class='ocrx_word' id='word_1_85' title='bbox 1000 973 1100 1034; x_wconf 80' lang='grc' dir='ltr'><em>ἔξω</em></span> <span class='ocrx_word' id='word_1_86' title='bbox 1130 968 1230 1039; x_wconf 76' lang='grc' dir='ltr'><em>μὲν</em></span> <span class='ocrx_word' id='word_1_87' title='bbox 1254 975 1355 1024; x_wconf 84' lang='grc' dir='ltr'><em>τοῦ</em></span> <span class='ocrx_word' id='word_1_88' title='bbox 1375 973 1607 1040; x_wconf 88' lang='grc' dir='ltr'><em>μέτρου,</em></span> <span class='ocrx_word' id='word_1_89' title='bbox 1651 975 1763 1025; x_wconf 80' lang='grc' dir='ltr'><em>ἔστι</em></span> <span class='ocrx_word' id='word_1_90' title='bbox 1784 969 1836 1025; x_wconf 89' lang='grc' dir='ltr'><em>δ’</em></span> <span class='ocrx_word' id='word_1_91' title='bbox 1860 971 1893 1026; x_wconf 79' lang='grc' dir='ltr'>ὅ</span> <span class='ocrx_word' id='word_1_92' title='bbox 1911 994 1971 1042; x_wconf 79' lang='grc' dir='ltr'><em>γε</em></span> 
     </span>
     <span class='ocr_line' id='line_1_11' title="bbox 286 1047 1976 1124; baseline 0 -16"><span class='ocrx_word' id='word_1_93' title='bbox 286 1053 571 1124; x_wconf 86' lang='grc' dir='ltr'><em>βούλεται,</em></span> <span class='ocrx_word' id='word_1_94' title='bbox 605 1050 675 1116; x_wconf 82' lang='grc' dir='ltr'><em>ῶς</em></span> <span class='ocrx_word' id='word_1_95' title='bbox 695 1051 869 1108; x_wconf 80' lang='grc' dir='ltr'><em>πολλὰ</em></span> <span class='ocrx_word' id='word_1_96' title='bbox 891 1051 991 1123; x_wconf 78' lang='grc' dir='ltr'><em>μὲν</em></span> <span class='ocrx_word' id='word_1_97' title='bbox 1011 1050 1275 1122; x_wconf 85' lang='grc' dir='ltr'><em>ἠπίστατο</em></span> <span class='ocrx_word' id='word_1_98' title='bbox 1298 1056 1456 1122; x_wconf 84' lang='grc' dir='ltr'><em>ἔργα,</em></span> <span class='ocrx_word' id='word_1_99' title='bbox 1488 1050 1664 1107; x_wconf 82' lang='grc' dir='ltr'><em>κακὸν</em></span> <span class='ocrx_word' id='word_1_100' title='bbox 1683 1053 1740 1108; x_wconf 78' lang='grc' dir='ltr'><em>δὲ</em></span> <span class='ocrx_word' id='word_1_101' title='bbox 1762 1047 1835 1123; x_wconf 77' lang='grc' dir='ltr'><em>ἦν</em></span> <span class='ocrx_word' id='word_1_102' title='bbox 1857 1055 1976 1108; x_wconf 79' lang='grc' dir='ltr'><em>ἐπί-</em></span> 
     </span>
     <span class='ocr_line' id='line_1_12' title="bbox 288 1127 1973 1209; baseline 0.001 -20"><span class='ocrx_word' id='word_1_103' title='bbox 288 1143 526 1190; x_wconf 86' lang='grc' dir='ltr'><em>στασθαι</em></span> <span class='ocrx_word' id='word_1_104' title='bbox 546 1132 699 1207; x_wconf 76' lang='grc' dir='ltr'><em>αύτῷ</em></span> <span class='ocrx_word' id='word_1_105' title='bbox 717 1134 898 1189; x_wconf 87' lang='grc' dir='ltr'><em>πάντα</em></span> <span class='ocrx_word' id='word_1_106' title='bbox 918 1140 1105 1188; x_wconf 82' lang='grc' dir='ltr'><em>ταῦτα.</em></span> <span class='ocrx_word' id='word_1_107' title='bbox 1142 1137 1313 1203; x_wconf 84' lang='grc' dir='ltr'><em>δῆλον</em></span> <span class='ocrx_word' id='word_1_108' title='bbox 1332 1127 1437 1187; x_wconf 78' lang='grc' dir='ltr'><em>οὖν</em></span> <span class='ocrx_word' id='word_1_109' title='bbox 1457 1131 1541 1188; x_wconf 79' lang='grc' dir='ltr'><em>ὅτι</em></span> <span class='ocrx_word' id='word_1_110' title='bbox 1562 1141 1712 1204; x_wconf 77' lang='grc' dir='ltr'><em>εἴπερ</em></span> <span class='ocrx_word' id='word_1_111' title='bbox 1731 1128 1803 1206; x_wconf 77' lang='grc' dir='ltr'><em>ἦν</em></span> <span class='ocrx_word' id='word_1_112' title='bbox 1823 1133 1973 1209; x_wconf 70' lang='grc' dir='ltr'><em>αὐτῷ</em></span> 
     </span>
     <span class='ocr_line' id='line_1_13' title="bbox 284 1209 1973 1287; baseline 0.001 -16"><span class='ocrx_word' id='word_1_113' title='bbox 284 1215 459 1271; x_wconf 82' lang='grc' dir='ltr'><em>κακὸν</em></span> <span class='ocrx_word' id='word_1_114' title='bbox 477 1214 534 1271; x_wconf 80' lang='grc' dir='ltr'><em>τὰ</em></span> <span class='ocrx_word' id='word_1_115' title='bbox 559 1214 736 1271; x_wconf 76' lang='grc' dir='ltr'><em>πολλὰ</em></span> <span class='ocrx_word' id='word_1_116' title='bbox 755 1219 956 1271; x_wconf 85' lang='grc' dir='ltr'><em>εἰδέναι</em></span> <span class='ocrx_word' id='word_1_117' title='bbox 970 1257 984 1284; x_wconf 89' lang='grc'><em>,</em></span> <span class='ocrx_word' id='word_1_118' title='bbox 1025 1217 1241 1285; x_wconf 80' lang='grc' dir='ltr'><em>φαῦλός</em></span> <span class='ocrx_word' id='word_1_119' title='bbox 1261 1236 1340 1278; x_wconf 86' lang='grc' dir='ltr'><em>τις</em></span> <span class='ocrx_word' id='word_1_120' title='bbox 1361 1209 1441 1268; x_wconf 68' lang='grc' dir='ltr'><em>ὢν</em></span> <span class='ocrx_word' id='word_1_121' title='bbox 1461 1214 1781 1286; x_wconf 74' lang='grc' dir='ltr'><em>ἐτύγχανεν,</em></span> <span class='ocrx_word' id='word_1_122' title='bbox 1822 1225 1973 1287; x_wconf 78' lang='grc' dir='ltr'><em>εἴπερ</em></span> 
     </span>
     <span class='ocr_line' id='line_1_14' title="bbox 283 1297 1529 1369; baseline -0.001 -16"><span class='ocrx_word' id='word_1_123' title='bbox 283 1320 346 1369; x_wconf 84' lang='grc' dir='ltr'><em>γε</em></span> <span class='ocrx_word' id='word_1_124' title='bbox 366 1301 644 1353; x_wconf 84' lang='grc' dir='ltr'><em>πιστεύειν</em></span> <span class='ocrx_word' id='word_1_125' title='bbox 666 1303 752 1354; x_wconf 90' lang='grc' dir='ltr'><em>δεῖ</em></span> <span class='ocrx_word' id='word_1_126' title='bbox 764 1311 875 1363; x_wconf 90' lang='grc' dir='ltr'><em>τοῖς</em></span> <span class='ocrx_word' id='word_1_127' title='bbox 895 1300 1312 1368; x_wconf 77' lang='grc' dir='ltr'><em>προειρημένοις</em></span> <span class='ocrx_word' id='word_1_128' title='bbox 1332 1297 1529 1366; x_wconf 91' lang='grc' dir='ltr'><em>λόγοις.</em></span> 
     </span>
    </p>

    <p class='ocr_par' dir='ltr' id='par_1_4' title="bbox 222 1373 1974 1534">
     <span class='ocr_line' id='line_1_15' title="bbox 222 1373 1974 1452; baseline 0.003 -22"><span class='ocrx_word' id='word_1_129' title='bbox 222 1391 255 1430; x_wconf 89' lang='grc' dir='ltr'>Ε</span> <span class='ocrx_word' id='word_1_130' title='bbox 429 1386 552 1435; x_wconf 88' lang='grc' dir='ltr'><em>ΑΛ.-</em></span> <span class='ocrx_word' id='word_1_131' title='bbox 600 1379 742 1436; x_wconf 84' lang='grc' dir='ltr'><em>Ἀλλ’</em></span> <span class='ocrx_word' id='word_1_132' title='bbox 767 1382 883 1452; x_wconf 87' lang='grc' dir='ltr'><em>ἐμοὶ</em></span> <span class='ocrx_word' id='word_1_133' title='bbox 903 1380 1004 1452; x_wconf 72' lang='grc' dir='ltr'><em>μὲν</em></span> <span class='ocrx_word' id='word_1_134' title='bbox 1024 1385 1202 1449; x_wconf 88' lang='grc' dir='ltr'><em>δοκεῖ,</em></span> <span class='ocrx_word' id='word_1_135' title='bbox 1243 1373 1286 1433; x_wconf 70' lang='grc' dir='ltr'><em>ὦ</em></span> <span class='ocrx_word' id='word_1_136' title='bbox 1306 1379 1624 1448; x_wconf 74' lang='grc' dir='ltr'><em>Σώκρατες·</em></span> <span class='ocrx_word' id='word_1_137' title='bbox 1663 1376 1701 1451; x_wconf 73' lang='grc' dir='ltr'><em>ἢ</em></span> <span class='ocrx_word' id='word_1_138' title='bbox 1728 1387 1974 1452; x_wconf 79' lang='grc' dir='ltr'><em>χαλεπῶς</em></span> 
     </span>
     <span class='ocr_line' id='line_1_16' title="bbox 283 1458 1967 1534; baseline 0.001 -18"><span class='ocrx_word' id='word_1_139' title='bbox 283 1460 336 1532; x_wconf 85' lang='grc' dir='ltr'><em>γ’</em></span> <span class='ocrx_word' id='word_1_140' title='bbox 363 1458 435 1516; x_wconf 68' lang='grc' dir='ltr'><em>ἂν</em></span> <span class='ocrx_word' id='word_1_141' title='bbox 454 1462 640 1527; x_wconf 77' lang='grc' dir='ltr'><em>ἄλλοις</em></span> <span class='ocrx_word' id='word_1_142' title='bbox 659 1466 765 1519; x_wconf 87' lang='grc' dir='ltr'><em>τισὶ</em></span> <span class='ocrx_word' id='word_1_143' title='bbox 785 1464 1137 1533; x_wconf 88' lang='grc' dir='ltr'><em>πιστεύσαιμι</em></span> <span class='ocrx_word' id='word_1_144' title='bbox 1158 1463 1370 1532; x_wconf 89' lang='grc' dir='ltr'><em>λόγοις,</em></span> <span class='ocrx_word' id='word_1_145' title='bbox 1413 1470 1564 1531; x_wconf 79' lang='grc' dir='ltr'><em>εἴπερ</em></span> <span class='ocrx_word' id='word_1_146' title='bbox 1584 1462 1720 1534; x_wconf 75' lang='grc' dir='ltr'><em>μηδὲ</em></span> <span class='ocrx_word' id='word_1_147' title='bbox 1738 1464 1967 1528; x_wconf 82' lang='grc' dir='ltr'><em>τούτοις.</em></span> 
     </span>
    </p>

    <p class='ocr_par' dir='ltr' id='par_1_5' title="bbox 423 1545 1288 1617">
     <span class='ocr_line' id='line_1_17' title="bbox 423 1545 1288 1617; baseline -0.003 -15"><span class='ocrx_word' id='word_1_148' title='bbox 423 1551 546 1602; x_wconf 72' lang='grc' dir='ltr'><em>ΣΩ.</em></span> <span class='ocrx_word' id='word_1_149' title='bbox 603 1548 713 1602; x_wconf 86' lang='grc' dir='ltr'><em>Καὶ</em></span> <span class='ocrx_word' id='word_1_150' title='bbox 733 1545 918 1617; x_wconf 79' lang='grc' dir='ltr'><em>ὀρθῶς</em></span> <span class='ocrx_word' id='word_1_151' title='bbox 933 1551 998 1616; x_wconf 90' lang='grc' dir='ltr'><em>γε’</em></span> <span class='ocrx_word' id='word_1_152' title='bbox 1015 1563 1102 1601; x_wconf 86' lang='grc' dir='ltr'><em>σοι</em></span> <span class='ocrx_word' id='word_1_153' title='bbox 1124 1550 1288 1599; x_wconf 87' lang='grc' dir='ltr'><em>δοκεῖ.</em></span> 
     </span>
    </p>

    <p class='ocr_par' dir='ltr' id='par_1_6' title="bbox 426 1623 1193 1699">
     <span class='ocr_line' id='line_1_18' title="bbox 426 1623 1193 1699; baseline -0.004 -16"><span class='ocrx_word' id='word_1_154' title='bbox 426 1635 544 1683; x_wconf 90' lang='grc' dir='ltr'><em>ΑΛ.</em></span> <span class='ocrx_word' id='word_1_155' title='bbox 599 1628 781 1684; x_wconf 86' lang='grc' dir='ltr'><em>Πάλιν</em></span> <span class='ocrx_word' id='word_1_156' title='bbox 802 1623 875 1683; x_wconf 78' lang='grc' dir='ltr'><em>αὖ</em></span> <span class='ocrx_word' id='word_1_157' title='bbox 894 1650 987 1699; x_wconf 88' lang='grc' dir='ltr'><em>μοι</em></span> <span class='ocrx_word' id='word_1_158' title='bbox 1008 1633 1171 1684; x_wconf 87' lang='grc' dir='ltr'><em>δοκεῖ.</em></span> <span class='ocrx_word' id='word_1_159' title='bbox 1191 1672 1193 1675; x_wconf 89' lang='grc'>.</span> 
     </span>
    </p>

    <p class='ocr_par' dir='ltr' id='par_1_7' title="bbox 284 1709 1973 2031">
     <span class='ocr_line' id='line_1_19' title="bbox 425 1709 1973 1784; baseline -0.001 -17"><span class='ocrx_word' id='word_1_160' title='bbox 425 1718 509 1767; x_wconf 89' lang='lat' dir='ltr'><em>XI.</em></span> <span class='ocrx_word' id='word_1_161' title='bbox 582 1717 705 1767; x_wconf 68' lang='lat'><em>252.</em></span> <span class='ocrx_word' id='word_1_162' title='bbox 756 1710 918 1767; x_wconf 82' lang='grc' dir='ltr'><em>Ἀλλά</em></span> <span class='ocrx_word' id='word_1_163' title='bbox 953 1716 1086 1781; x_wconf 84' lang='grc' dir='ltr'><em>φέρε</em></span> <span class='ocrx_word' id='word_1_164' title='bbox 1117 1713 1254 1778; x_wconf 84' lang='grc' dir='ltr'><em>πρὸς</em></span> <span class='ocrx_word' id='word_1_165' title='bbox 1285 1710 1448 1775; x_wconf 88' lang='grc' dir='ltr'><em>Διός·</em></span> <span class='ocrx_word' id='word_1_166' title='bbox 1490 1709 1626 1784; x_wconf 76' lang='grc' dir='ltr'><em>ὁρᾷς</em></span> <span class='ocrx_word' id='word_1_167' title='bbox 1654 1710 1760 1781; x_wconf 73' lang='grc' dir='ltr'><em>γὰρ</em></span> <span class='ocrx_word' id='word_1_168' title='bbox 1793 1711 1973 1781; x_wconf 80' lang='grc' dir='ltr'><em>δήπου</em></span> 
     </span>
     <span class='ocr_line' id='line_1_20' title="bbox 284 1792 1973 1865; baseline 0 -16"><span class='ocrx_word' id='word_1_169' title='bbox 284 1793 386 1865; x_wconf 84' lang='grc' dir='ltr'><em>τὴν</em></span> <span class='ocrx_word' id='word_1_170' title='bbox 405 1794 643 1865; x_wconf 80' lang='grc' dir='ltr'><em>ἀπορίαν</em></span> <span class='ocrx_word' id='word_1_171' title='bbox 673 1793 774 1865; x_wconf 80' lang='grc' dir='ltr'><em>ὅση</em></span> <span class='ocrx_word' id='word_1_172' title='bbox 806 1816 864 1849; x_wconf 89' lang='grc' dir='ltr'><em>τε</em></span> <span class='ocrx_word' id='word_1_173' title='bbox 896 1797 985 1850; x_wconf 87' lang='grc' dir='ltr'><em>καὶ</em></span> <span class='ocrx_word' id='word_1_174' title='bbox 1017 1798 1105 1850; x_wconf 83' lang='grc' dir='ltr'><em>οἵα</em></span> <span class='ocrx_word' id='word_1_175' title='bbox 1120 1816 1131 1826; x_wconf 92' lang='grc'><em>·</em></span> <span class='ocrx_word' id='word_1_176' title='bbox 1168 1795 1370 1865; x_wconf 77' lang='grc' dir='ltr'><em>ταύτης</em></span> <span class='ocrx_word' id='word_1_177' title='bbox 1392 1792 1457 1865; x_wconf 82' lang='grc' dir='ltr'><em>δὴ</em></span> <span class='ocrx_word' id='word_1_178' title='bbox 1479 1795 1570 1850; x_wconf 86' lang='grc' dir='ltr'><em>καὶ</em></span> <span class='ocrx_word' id='word_1_179' title='bbox 1593 1794 1665 1848; x_wconf 90' lang='grc' dir='ltr'><em>σύ</em></span> <span class='ocrx_word' id='word_1_180' title='bbox 1684 1816 1777 1864; x_wconf 91' lang='grc' dir='ltr'><em>μοι</em></span> <span class='ocrx_word' id='word_1_181' title='bbox 1796 1797 1973 1858; x_wconf 86' lang='grc' dir='ltr'><em>δοκεῖς</em></span> 
     </span>
     <span class='ocr_line' id='line_1_21' title="bbox 284 1876 1973 1948; baseline 0 -17"><span class='ocrx_word' id='word_1_182' title='bbox 284 1882 749 1947; x_wconf 81' lang='grc' dir='ltr'><em>κεκοινωνηκέναι</em></span> <span class='ocrx_word' id='word_1_183' title='bbox 764 1899 774 1909; x_wconf 87' lang='grc'><em>·</em></span> <span class='ocrx_word' id='word_1_184' title='bbox 815 1878 1294 1948; x_wconf 87' lang='grc' dir='ltr'><em>μεταβαλλόμενός</em></span> <span class='ocrx_word' id='word_1_185' title='bbox 1330 1879 1397 1947; x_wconf 92' lang='grc' dir='ltr'><em>γέ</em></span> <span class='ocrx_word' id='word_1_186' title='bbox 1426 1899 1510 1932; x_wconf 91' lang='grc' dir='ltr'><em>τοι</em></span> <span class='ocrx_word' id='word_1_187' title='bbox 1549 1876 1665 1932; x_wconf 75' lang='grc' dir='ltr'><em>ἄνω</em></span> <span class='ocrx_word' id='word_1_188' title='bbox 1702 1879 1792 1932; x_wconf 86' lang='grc' dir='ltr'><em>καὶ</em></span> <span class='ocrx_word' id='word_1_189' title='bbox 1827 1876 1973 1931; x_wconf 85' lang='grc' dir='ltr'><em>κάτω</em></span> 
     </span>
     <span class='ocr_line' id='line_1_22' title="bbox 287 1955 1972 2031; baseline -0.001 -17"><span class='ocrx_word' id='word_1_190' title='bbox 287 1958 413 2015; x_wconf 81' lang='grc' dir='ltr'><em>οὐδ’</em></span> <span class='ocrx_word' id='word_1_191' title='bbox 435 1958 625 2015; x_wconf 81' lang='grc' dir='ltr'><em>ὁτιοῦν</em></span> <span class='ocrx_word' id='word_1_192' title='bbox 643 1959 835 2027; x_wconf 89' lang='grc' dir='ltr'><em>παύει,</em></span> <span class='ocrx_word' id='word_1_193' title='bbox 875 1957 995 2014; x_wconf 72' lang='grc' dir='ltr'><em>ἀλλ’</em></span> <span class='ocrx_word' id='word_1_194' title='bbox 1030 1958 1062 2014; x_wconf 83' lang='grc' dir='ltr'>ὅ</span> <span class='ocrx_word' id='word_1_195' title='bbox 1082 1981 1133 2013; x_wconf 90' lang='grc' dir='ltr'><em>τι</em></span> <span class='ocrx_word' id='word_1_196' title='bbox 1152 1955 1224 2013; x_wconf 71' lang='grc' dir='ltr'><em>ἂν</em></span> <span class='ocrx_word' id='word_1_197' title='bbox 1244 1959 1480 2028; x_wconf 87' lang='grc' dir='ltr'><em>μάλιστά</em></span> <span class='ocrx_word' id='word_1_198' title='bbox 1503 1976 1590 2013; x_wconf 89' lang='grc' dir='ltr'><em>σοι</em></span> <span class='ocrx_word' id='word_1_199' title='bbox 1610 1960 1768 2031; x_wconf 83' lang='grc' dir='ltr'><em>δόξῃ,</em></span> <span class='ocrx_word' id='word_1_200' title='bbox 1807 1965 1972 2014; x_wconf 78' lang='grc' dir='ltr'><em>τοῦτο</em></span> 
     </span>
    </p>

    <p class='ocr_par' dir='ltr' id='par_1_8' title="bbox 174 2035 2028 2527">
     <span class='ocr_line' id='line_1_23' title="bbox 174 2035 1973 2105; baseline -0.002 -8"><span class='ocrx_word' id='word_1_201' title='bbox 174 2055 258 2100; x_wconf 77' lang='lat'><em>148</em></span> <span class='ocrx_word' id='word_1_202' title='bbox 285 2045 374 2099; x_wconf 86' lang='grc' dir='ltr'><em>καὶ</em></span> <span class='ocrx_word' id='word_1_203' title='bbox 402 2046 753 2098; x_wconf 84' lang='grc' dir='ltr'><em>ἐκδεδυκέναι</em></span> <span class='ocrx_word' id='word_1_204' title='bbox 774 2036 847 2096; x_wconf 78' lang='grc' dir='ltr'><em>αὖ</em></span> <span class='ocrx_word' id='word_1_205' title='bbox 874 2043 964 2097; x_wconf 85' lang='grc' dir='ltr'><em>καὶ</em></span> <span class='ocrx_word' id='word_1_206' title='bbox 993 2040 1176 2097; x_wconf 82' lang='grc' dir='ltr'><em>οὐκέτι</em></span> <span class='ocrx_word' id='word_1_207' title='bbox 1200 2039 1462 2105; x_wconf 79' lang='grc' dir='ltr'><em>ῶσαύτως</em></span> <span class='ocrx_word' id='word_1_208' title='bbox 1485 2045 1684 2095; x_wconf 77' lang='grc' dir='ltr'><em>δοκεῖν.</em></span> <span class='ocrx_word' id='word_1_209' title='bbox 1760 2044 1811 2094; x_wconf 81' lang='grc' dir='ltr'><em>εἰ</em></span> <span class='ocrx_word' id='word_1_210' title='bbox 1866 2035 1973 2095; x_wconf 78' lang='grc' dir='ltr'><em>οὖν</em></span> 
     </span>
     <span class='ocr_line' id='line_1_24' title="bbox 289 2120 1975 2196; baseline -0.002 -15"><span class='ocrx_word' id='word_1_211' title='bbox 289 2132 380 2182; x_wconf 90' lang='grc' dir='ltr'><em>σοί</em></span> <span class='ocrx_word' id='word_1_212' title='bbox 408 2124 459 2196; x_wconf 82' lang='grc' dir='ltr'><em>γ’</em></span> <span class='ocrx_word' id='word_1_213' title='bbox 499 2130 576 2180; x_wconf 83' lang='grc' dir='ltr'><em>ἔτι</em></span> <span class='ocrx_word' id='word_1_214' title='bbox 604 2127 696 2181; x_wconf 85' lang='grc' dir='ltr'><em>καὶ</em></span> <span class='ocrx_word' id='word_1_215' title='bbox 726 2132 834 2180; x_wconf 85' lang='grc' dir='ltr'><em>νῦν</em></span> <span class='ocrx_word' id='word_1_216' title='bbox 865 2122 1115 2196; x_wconf 83' lang='grc' dir='ltr'><em>ἐμφανὴς</em></span> <span class='ocrx_word' id='word_1_217' title='bbox 1143 2124 1443 2194; x_wconf 90' lang='grc' dir='ltr'><em>γενόμενος</em></span> <span class='ocrx_word' id='word_1_218' title='bbox 1473 2121 1502 2178; x_wconf 87' lang='grc' dir='ltr'>ὁ</span> <span class='ocrx_word' id='word_1_219' title='bbox 1534 2123 1697 2194; x_wconf 83' lang='grc' dir='ltr'><em>θεός,</em></span> <span class='ocrx_word' id='word_1_220' title='bbox 1736 2121 1873 2194; x_wconf 87' lang='grc' dir='ltr'><em>πρὸς</em></span> <span class='ocrx_word' id='word_1_221' title='bbox 1907 2120 1975 2177; x_wconf 81' lang='grc' dir='ltr'><em>ὃν</em></span> 
     </span>
     <span class='ocr_line' id='line_1_25' title="bbox 286 2203 1978 2281; baseline -0.003 -17"><span class='ocrx_word' id='word_1_222' title='bbox 286 2209 574 2279; x_wconf 76' lang='grc' dir='ltr'><em>τυγχάνεις</em></span> <span class='ocrx_word' id='word_1_223' title='bbox 591 2210 983 2281; x_wconf 85' lang='grc' dir='ltr'><em>πορευόμενος,</em></span> <span class='ocrx_word' id='word_1_224' title='bbox 1006 2207 1314 2277; x_wconf 85' lang='grc' dir='ltr'><em>ἐρωτήσειε,</em></span> <span class='ocrx_word' id='word_1_225' title='bbox 1339 2208 1471 2276; x_wconf 87' lang='grc' dir='ltr'><em>πρὶν</em></span> <span class='ocrx_word' id='word_1_226' title='bbox 1494 2204 1685 2261; x_wconf 83' lang='grc' dir='ltr'><em>ὁτιοῦν</em></span> <span class='ocrx_word' id='word_1_227' title='bbox 1707 2203 1978 2270; x_wconf 82' lang='grc' dir='ltr'><em>εὔξασθαί</em></span> 
     </span>
     <span class='ocr_line' id='line_1_26' title="bbox 288 2282 1974 2362; baseline -0.002 -16"><span class='ocrx_word' id='word_1_228' title='bbox 288 2309 376 2362; x_wconf 87' lang='grc' dir='ltr'><em>σε,</em></span> <span class='ocrx_word' id='word_1_229' title='bbox 415 2297 462 2347; x_wconf 77' lang='grc' dir='ltr'><em>εἰ</em></span> <span class='ocrx_word' id='word_1_230' title='bbox 500 2295 776 2361; x_wconf 82' lang='grc' dir='ltr'><em>ἐξαρκέσει</em></span> <span class='ocrx_word' id='word_1_231' title='bbox 812 2310 900 2347; x_wconf 90' lang='grc' dir='ltr'><em>σοι</em></span> <span class='ocrx_word' id='word_1_232' title='bbox 936 2294 1167 2347; x_wconf 85' lang='grc' dir='ltr'><em>ἐκείνων</em></span> <span class='ocrx_word' id='word_1_233' title='bbox 1194 2311 1246 2344; x_wconf 92' lang='grc' dir='ltr'><em>τι</em></span> <span class='ocrx_word' id='word_1_234' title='bbox 1274 2291 1539 2359; x_wconf 83' lang='grc' dir='ltr'><em>γενέσθαι</em></span> <span class='ocrx_word' id='word_1_235' title='bbox 1573 2282 1757 2359; x_wconf 69' lang='grc' dir='ltr'><em>ὦνπερ</em></span> <span class='ocrx_word' id='word_1_236' title='bbox 1787 2289 1878 2343; x_wconf 85' lang='grc' dir='ltr'><em>καὶ</em></span> <span class='ocrx_word' id='word_1_237' title='bbox 1914 2291 1974 2343; x_wconf 81' lang='grc' dir='ltr'><em>ἐν</em></span> 
     </span>
     <span class='ocr_line' id='line_1_27' title="bbox 288 2368 1968 2446; baseline -0.001 -18"><span class='ocrx_word' id='word_1_238' title='bbox 288 2373 427 2446; x_wconf 78' lang='grc' dir='ltr'><em>ἀρχῇ</em></span> <span class='ocrx_word' id='word_1_239' title='bbox 449 2376 682 2446; x_wconf 83' lang='grc' dir='ltr'><em>ἐλέγετο,</em></span> <span class='ocrx_word' id='word_1_240' title='bbox 706 2382 813 2431; x_wconf 79' lang='grc' dir='ltr'><em>εἴτε</em></span> <span class='ocrx_word' id='word_1_241' title='bbox 833 2372 980 2446; x_wconf 78' lang='grc' dir='ltr'><em>αύτῷ</em></span> <span class='ocrx_word' id='word_1_242' title='bbox 1004 2390 1091 2427; x_wconf 85' lang='grc' dir='ltr'><em>σοι</em></span> <span class='ocrx_word' id='word_1_243' title='bbox 1111 2375 1450 2441; x_wconf 86' lang='grc' dir='ltr'><em>ἐπιτρέψειεν</em></span> <span class='ocrx_word' id='word_1_244' title='bbox 1470 2372 1755 2441; x_wconf 79' lang='grc' dir='ltr'><em>εὔξασθαι,</em></span> <span class='ocrx_word' id='word_1_245' title='bbox 1775 2377 1832 2427; x_wconf 87' lang='grc' dir='ltr'><em>τί</em></span> <span class='ocrx_word' id='word_1_246' title='bbox 1844 2368 1968 2426; x_wconf 78' lang='grc' dir='ltr'><em>ποτ’</em></span> 
     </span>
     <span class='ocr_line' id='line_1_28' title="bbox 289 2450 1973 2527; baseline -0.002 -17"><span class='ocrx_word' id='word_1_247' title='bbox 289 2453 361 2511; x_wconf 71' lang='grc' dir='ltr'><em>ἂν</em></span> <span class='ocrx_word' id='word_1_248' title='bbox 380 2464 483 2512; x_wconf 85' lang='grc' dir='ltr'><em>οἰέι</em></span> <span class='ocrx_word' id='word_1_249' title='bbox 505 2453 542 2527; x_wconf 76' lang='grc' dir='ltr'><strong><em>ἦ</em></strong></span> <span class='ocrx_word' id='word_1_250' title='bbox 562 2463 675 2511; x_wconf 89' lang='grc' dir='ltr'><em>τῶν</em></span> <span class='ocrx_word' id='word_1_251' title='bbox 706 2455 833 2524; x_wconf 86' lang='grc' dir='ltr'><em>παρ’</em></span> <span class='ocrx_word' id='word_1_252' title='bbox 869 2459 1085 2511; x_wconf 83' lang='grc' dir='ltr'><em>ἐκείνου</em></span> <span class='ocrx_word' id='word_1_253' title='bbox 1106 2457 1412 2526; x_wconf 85' lang='grc' dir='ltr'><em>διδομένων</em></span> <span class='ocrx_word' id='word_1_254' title='bbox 1432 2456 1732 2527; x_wconf 77' lang='grc' dir='ltr'><em>λαμβάνων</em></span> <span class='ocrx_word' id='word_1_255' title='bbox 1750 2450 1787 2525; x_wconf 77' lang='grc' dir='ltr'><strong><em>ἦ</em></strong></span> <span class='ocrx_word' id='word_1_256' title='bbox 1807 2450 1973 2516; x_wconf 82' lang='grc' dir='ltr'><em>αὐτὸς</em></span> 
     </span>
    </p>

    <p class='ocr_par' dir='ltr' id='par_1_9' title="bbox 243 2536 2028 2609">
     <span class='ocr_line' id='line_1_29' title="bbox 243 2536 2028 2609; baseline 0.002 -18"><span class='ocrx_word' id='word_1_257' title='bbox 243 2586 247 2589; x_wconf 94' lang='grc'><em>.</em></span> <span class='ocrx_word' id='word_1_258' title='bbox 289 2536 589 2609; x_wconf 83' lang='grc' dir='ltr'><em>εὐξάμενος</em></span> <span class='ocrx_word' id='word_1_259' title='bbox 604 2542 868 2609; x_wconf 83' lang='grc' dir='ltr'><em>γενέσθαι</em></span> <span class='ocrx_word' id='word_1_260' title='bbox 887 2546 990 2594; x_wconf 84' lang='grc' dir='ltr'><em>τοῦ</em></span> <span class='ocrx_word' id='word_1_261' title='bbox 1010 2545 1210 2609; x_wconf 84' lang='grc' dir='ltr'><em>καιροῦ</em></span> <span class='ocrx_word' id='word_1_262' title='bbox 1231 2551 1442 2609; x_wconf 88' lang='grc' dir='ltr'><em>τυχεῖν;</em></span> <span class='ocrx_word' id='word_1_263' title='bbox 2022 2591 2028 2604; x_wconf 66' lang='grc'><em>,.</em></span> 
     </span>
    </p>

    <p class='ocr_par' dir='ltr' id='par_1_10' title="bbox 427 2615 2028 2692">
     <span class='ocr_line' id='line_1_30' title="bbox 427 2615 2028 2692; baseline -0.003 -16"><span class='ocrx_word' id='word_1_264' title='bbox 427 2626 545 2676; x_wconf 92' lang='grc' dir='ltr'><em>ΑΛ.</em></span> <span class='ocrx_word' id='word_1_265' title='bbox 592 2618 754 2677; x_wconf 77' lang='grc' dir='ltr'><em>Ἀλλὰ</em></span> <span class='ocrx_word' id='word_1_266' title='bbox 781 2621 857 2692; x_wconf 82' lang='grc' dir='ltr'>μά</span> <span class='ocrx_word' id='word_1_267' title='bbox 885 2621 1016 2687; x_wconf 80' lang='grc' dir='ltr'><em>τούς</em></span> <span class='ocrx_word' id='word_1_268' title='bbox 1034 2622 1233 2692; x_wconf 81' lang='grc' dir='ltr'><em>θεούς,</em></span> <span class='ocrx_word' id='word_1_269' title='bbox 1273 2621 1379 2691; x_wconf 84' lang='grc' dir='ltr'><em>ἐγῶ</em></span> <span class='ocrx_word' id='word_1_270' title='bbox 1399 2621 1501 2692; x_wconf 77' lang='grc' dir='ltr'><em>μὲν</em></span> <span class='ocrx_word' id='word_1_271' title='bbox 1520 2618 1697 2676; x_wconf 75' lang='grc' dir='ltr'><em>οὐθὲν</em></span> <span class='ocrx_word' id='word_1_272' title='bbox 1715 2615 1788 2675; x_wconf 73' lang='grc' dir='ltr'><em>ἄν</em></span> <span class='ocrx_word' id='word_1_273' title='bbox 1805 2622 1980 2689; x_wconf 80' lang='grc' dir='ltr'><em>ἔχοιμί</em></span> <span class='ocrx_word' id='word_1_274' title='bbox 2022 2620 2028 2656; x_wconf 65' lang='grc' dir='ltr'><strong>Ἴ</strong></span> 
     </span>
    </p>

    <p class='ocr_par' dir='ltr' id='par_1_11' title="bbox 227 2699 2028 2941">
     <span class='ocr_line' id='line_1_31' title="bbox 289 2699 2028 2775; baseline -0.001 -16"><span class='ocrx_word' id='word_1_275' title='bbox 289 2722 377 2759; x_wconf 89' lang='grc' dir='ltr'><em>σοι</em></span> <span class='ocrx_word' id='word_1_276' title='bbox 396 2708 596 2773; x_wconf 85' lang='grc' dir='ltr'><em>εἰπεῖν,</em></span> <span class='ocrx_word' id='word_1_277' title='bbox 623 2699 666 2759; x_wconf 74' lang='grc' dir='ltr'><em>ὦ</em></span> <span class='ocrx_word' id='word_1_278' title='bbox 683 2705 1005 2774; x_wconf 76' lang='grc' dir='ltr'><em>Σώκρατες,</em></span> <span class='ocrx_word' id='word_1_279' title='bbox 1027 2704 1204 2768; x_wconf 78' lang='grc' dir='ltr'><em>οὕτως</em></span> <span class='ocrx_word' id='word_1_280' title='bbox 1218 2726 1229 2736; x_wconf 91' lang='grc'><em>·</em></span> <span class='ocrx_word' id='word_1_281' title='bbox 1251 2701 1391 2759; x_wconf 73' lang='grc' dir='ltr'><em>ἀλλὰ</em></span> <span class='ocrx_word' id='word_1_282' title='bbox 1411 2703 1628 2775; x_wconf 86' lang='grc' dir='ltr'><em>μάργον</em></span> <span class='ocrx_word' id='word_1_283' title='bbox 1643 2708 1699 2758; x_wconf 89' lang='grc' dir='ltr'><em>τί</em></span> <span class='ocrx_word' id='word_1_284' title='bbox 1712 2723 1805 2772; x_wconf 89' lang='grc' dir='ltr'><em>μοι</em></span> <span class='ocrx_word' id='word_1_285' title='bbox 1825 2704 1978 2755; x_wconf 85' lang='grc' dir='ltr'><em>δοκεῖ</em></span> <span class='ocrx_word' id='word_1_286' title='bbox 2026 2721 2028 2757; x_wconf 80' lang='lat'>1</span> 
     </span>
     <span class='ocr_line' id='line_1_32' title="bbox 227 2782 1974 2858; baseline -0.002 -19"><span class='ocrx_word' id='word_1_287' title='bbox 227 2799 260 2839; x_wconf 87' lang='lat' dir='ltr'>B</span> <span class='ocrx_word' id='word_1_288' title='bbox 294 2785 457 2855; x_wconf 81' lang='grc' dir='ltr'><em>εἶναι,</em></span> <span class='ocrx_word' id='word_1_289' title='bbox 479 2787 570 2842; x_wconf 85' lang='grc' dir='ltr'><em>καὶ</em></span> <span class='ocrx_word' id='word_1_290' title='bbox 592 2784 664 2851; x_wconf 84' lang='grc' dir='ltr'><em>ῶς</em></span> <span class='ocrx_word' id='word_1_291' title='bbox 680 2785 905 2857; x_wconf 82' lang='grc' dir='ltr'><em>άληθῶς</em></span> <span class='ocrx_word' id='word_1_292' title='bbox 924 2794 1129 2858; x_wconf 84' lang='grc' dir='ltr'><em>πολλῆς</em></span> <span class='ocrx_word' id='word_1_293' title='bbox 1149 2793 1403 2858; x_wconf 81' lang='grc' dir='ltr'><em>φυλακῆς</em></span> <span class='ocrx_word' id='word_1_294' title='bbox 1417 2830 1429 2854; x_wconf 89' lang='grc'><em>,</em></span> <span class='ocrx_word' id='word_1_295' title='bbox 1462 2785 1611 2849; x_wconf 85' lang='grc' dir='ltr'><em>ὅπως</em></span> <span class='ocrx_word' id='word_1_296' title='bbox 1628 2782 1701 2855; x_wconf 82' lang='grc' dir='ltr'><em>μὴ</em></span> <span class='ocrx_word' id='word_1_297' title='bbox 1723 2783 1877 2854; x_wconf 87' lang='grc' dir='ltr'><em>λήσει</em></span> <span class='ocrx_word' id='word_1_298' title='bbox 1895 2805 1974 2846; x_wconf 86' lang='grc' dir='ltr'><em>τις</em></span> 
     </span>
     <span class='ocr_line' id='line_1_33' title="bbox 294 2863 1971 2941; baseline 0 -21"><span class='ocrx_word' id='word_1_299' title='bbox 294 2865 467 2921; x_wconf 81' lang='grc' dir='ltr'><em>αὑτὸν</em></span> <span class='ocrx_word' id='word_1_300' title='bbox 505 2866 804 2941; x_wconf 82' lang='grc' dir='ltr'><em>εὐχόμενος</em></span> <span class='ocrx_word' id='word_1_301' title='bbox 839 2869 941 2940; x_wconf 77' lang='grc' dir='ltr'><em>μὲν</em></span> <span class='ocrx_word' id='word_1_302' title='bbox 970 2869 1141 2940; x_wconf 87' lang='grc' dir='ltr'><em>κακά,</em></span> <span class='ocrx_word' id='word_1_303' title='bbox 1183 2874 1367 2925; x_wconf 87' lang='grc' dir='ltr'><em>δοκῶν</em></span> <span class='ocrx_word' id='word_1_304' title='bbox 1387 2868 1444 2923; x_wconf 77' lang='grc' dir='ltr'><em>δὲ</em></span> <span class='ocrx_word' id='word_1_305' title='bbox 1463 2866 1528 2922; x_wconf 78' lang='grc' dir='ltr'><em>τὰ</em></span> <span class='ocrx_word' id='word_1_306' title='bbox 1549 2864 1737 2936; x_wconf 77' lang='grc' dir='ltr'><em>ἀγαθά</em></span> <span class='ocrx_word' id='word_1_307' title='bbox 1749 2909 1764 2937; x_wconf 88' lang='grc'><em>,</em></span> <span class='ocrx_word' id='word_1_308' title='bbox 1805 2863 1971 2921; x_wconf 85' lang='grc' dir='ltr'><em>ἔπειτ’</em></span> 
     </span>
    </p>
   </div>
   <div class='ocr_carea' id='block_1_3' title="bbox 2016 2430 2028 2587">
    <p class='ocr_par' dir='ltr' id='par_1_12' title="bbox 2016 2430 2028 2587">
     <span class='ocr_line' id='line_1_34' title="bbox 2016 2430 2028 2587; baseline 0 611"><span class='ocrx_word' id='word_1_309' title='bbox 2016 2430 2028 2587; x_wconf 95' lang='lat' dir='ltr'><em> </em></span> 
     </span>
    </p>
   </div>
  </div>
 </body>
</html>
