<?xml version="1.0" encoding="UTF-8"?>
<!DOCTYPE html PUBLIC "-//W3C//DTD XHTML 1.0 Transitional//EN"
    "http://www.w3.org/TR/xhtml1/DTD/xhtml1-transitional.dtd">
<html xmlns="http://www.w3.org/1999/xhtml" xml:lang="en" lang="en">
 <head>
  <title>
</title>
<meta http-equiv="Content-Type" content="text/html;charset=utf-8" />
  <meta name='ocr-system' content='tesseract 3.04.00' />
  <meta name='ocr-capabilities' content='ocr_page ocr_carea ocr_par ocr_line ocrx_word'/>
</head>
<body>
  <div class='ocr_page' id='page_1' title='image "./dialogisecumdumt02platuoft_0282.png"; bbox 0 0 2028 3198; ppageno 0'>
   <div class='ocr_carea' id='block_1_1' title="bbox 121 2831 206 2875">
    <p class='ocr_par' dir='ltr' id='par_1_1' title="bbox 121 2831 206 2875">
     <span class='ocr_line' id='line_1_1' title="bbox 121 2831 206 2875; baseline 0.024 -2"><span class='ocrx_word' id='word_1_1' title='bbox 121 2831 206 2875; x_wconf 72' lang='lat'><em>267</em></span> 
     </span>
    </p>
   </div>
   <div class='ocr_carea' id='block_1_2' title="bbox 183 124 1927 198">
    <p class='ocr_par' dir='ltr' id='par_1_2' title="bbox 183 124 2028 198">
     <span class='ocr_line' id='line_1_2' title="bbox 183 124 1927 198; baseline 0.004 -9"><span class='ocrx_word' id='word_1_2' title='bbox 183 186 187 189; x_wconf 87' lang='grc'><em>,</em></span> <span class='ocrx_word' id='word_1_3' title='bbox 247 141 350 192; x_wconf 74' lang='lat'><em>252</em></span> <span class='ocrx_word' id='word_1_4' title='bbox 594 133 599 135; x_wconf 71' lang='grc'><strong><em>’</em></strong></span> <span class='ocrx_word' id='word_1_5' title='bbox 851 141 1326 190; x_wconf 70' lang='grc' dir='ltr'><em>ΠΛΛΤῼΝΟΣ</em></span> <span class='ocrx_word' id='word_1_6' title='bbox 1614 124 1618 125; x_wconf 62' lang='grc'>’</span> <span class='ocrx_word' id='word_1_7' title='bbox 1842 154 1927 198; x_wconf 80' lang='lat'><em>114</em></span> 
     </span>
    </p>
   </div>
   <div class='ocr_carea' id='block_1_3' title="bbox 209 273 1927 2887">
    <p class='ocr_par' dir='ltr' id='par_1_3' title="bbox 209 273 1927 1240">
     <span class='ocr_line' id='line_1_3' title="bbox 388 273 1927 349; baseline 0.003 -21"><span class='ocrx_word' id='word_1_8' title='bbox 388 282 451 329; x_wconf 80' lang='lat' dir='ltr'><em>L:</em></span> <span class='ocrx_word' id='word_1_9' title='bbox 518 278 644 327; x_wconf 73' lang='grc' dir='ltr'><em>Σῼ.</em></span> <span class='ocrx_word' id='word_1_10' title='bbox 703 273 931 328; x_wconf 85' lang='grc' dir='ltr'><em>Τούτων</em></span> <span class='ocrx_word' id='word_1_11' title='bbox 974 274 1039 344; x_wconf 84' lang='grc' dir='ltr'><em>δὴ</em></span> <span class='ocrx_word' id='word_1_12' title='bbox 1081 278 1252 344; x_wconf 80' lang='grc' dir='ltr'><em>ἔγωγε</em></span> <span class='ocrx_word' id='word_1_13' title='bbox 1292 274 1457 339; x_wconf 82' lang='grc' dir='ltr'><em>αὐτος</em></span> <span class='ocrx_word' id='word_1_14' title='bbox 1487 298 1544 331; x_wconf 91' lang='grc' dir='ltr'><em>τε</em></span> <span class='ocrx_word' id='word_1_15' title='bbox 1586 278 1841 349; x_wconf 82' lang='grc' dir='ltr'><em>ἐραστής,</em></span> <span class='ocrx_word' id='word_1_16' title='bbox 1883 273 1927 337; x_wconf 75' lang='grc' dir='ltr'><em>ῶ</em></span> 
     </span>
     <span class='ocr_line' id='line_1_4' title="bbox 247 355 1922 428; baseline 0.003 -17"><span class='ocrx_word' id='word_1_17' title='bbox 247 360 475 423; x_wconf 77' lang='grc' dir='ltr'><em>Φαῖδρε,</em></span> <span class='ocrx_word' id='word_1_18' title='bbox 515 361 628 408; x_wconf 90' lang='grc' dir='ltr'><em>τῶν</em></span> <span class='ocrx_word' id='word_1_19' title='bbox 658 355 978 421; x_wconf 79' lang='grc' dir='ltr'><em>διαιρέσεων</em></span> <span class='ocrx_word' id='word_1_20' title='bbox 1006 357 1099 411; x_wconf 82' lang='grc' dir='ltr'><em>καὶ</em></span> <span class='ocrx_word' id='word_1_21' title='bbox 1131 365 1502 428; x_wconf 74' lang='grc' dir='ltr'><em>συναγωγῶν,</em></span> <span class='ocrx_word' id='word_1_22' title='bbox 1539 357 1614 414; x_wconf 83' lang='grc' dir='ltr'><em>ἵν’</em></span> <span class='ocrx_word' id='word_1_23' title='bbox 1650 355 1765 424; x_wconf 85' lang='grc' dir='ltr'><em>οἶός</em></span> <span class='ocrx_word' id='word_1_24' title='bbox 1793 382 1851 415; x_wconf 90' lang='grc' dir='ltr'><em>τε</em></span> <span class='ocrx_word' id='word_1_25' title='bbox 1881 376 1922 415; x_wconf 87' lang='grc' dir='ltr'><em>ω</em></span> 
     </span>
     <span class='ocr_line' id='line_1_5' title="bbox 248 435 1925 511; baseline 0.002 -18"><span class='ocrx_word' id='word_1_26' title='bbox 248 440 428 507; x_wconf 85' lang='grc' dir='ltr'><em>λέγειν</em></span> <span class='ocrx_word' id='word_1_27' title='bbox 446 457 503 491; x_wconf 90' lang='grc' dir='ltr'><em>τε</em></span> <span class='ocrx_word' id='word_1_28' title='bbox 522 438 614 492; x_wconf 85' lang='grc' dir='ltr'><em>καὶ</em></span> <span class='ocrx_word' id='word_1_29' title='bbox 633 448 865 507; x_wconf 77' lang='grc' dir='ltr'><em>φρονεῖν</em></span> <span class='ocrx_word' id='word_1_30' title='bbox 878 459 889 469; x_wconf 87' lang='grc'><em>·</em></span> <span class='ocrx_word' id='word_1_31' title='bbox 928 436 1027 493; x_wconf 83' lang='grc' dir='ltr'><em>ἐοῖν</em></span> <span class='ocrx_word' id='word_1_32' title='bbox 1043 439 1104 492; x_wconf 89' lang='grc' dir='ltr'><em>τέ</em></span> <span class='ocrx_word' id='word_1_33' title='bbox 1121 435 1225 492; x_wconf 79' lang='grc' dir='ltr'><em>τιν’</em></span> <span class='ocrx_word' id='word_1_34' title='bbox 1252 438 1424 494; x_wconf 76' lang='grc' dir='ltr'><em>ἄλλον</em></span> <span class='ocrx_word' id='word_1_35' title='bbox 1441 438 1732 511; x_wconf 83' lang='grc' dir='ltr'><em>ἡγήσωμαι</em></span> <span class='ocrx_word' id='word_1_36' title='bbox 1751 445 1925 496; x_wconf 89' lang='grc' dir='ltr'><em>δυνα-</em></span> 
     </span>
     <span class='ocr_line' id='line_1_6' title="bbox 244 517 1924 594; baseline 0.002 -20"><span class='ocrx_word' id='word_1_37' title='bbox 244 517 344 574; x_wconf 82' lang='grc' dir='ltr'><em>τὸν</em></span> <span class='ocrx_word' id='word_1_38' title='bbox 375 524 451 582; x_wconf 80' lang='grc' dir='ltr'><em>εἰς</em></span> <span class='ocrx_word' id='word_1_39' title='bbox 479 521 541 573; x_wconf 76' lang='grc' dir='ltr'><em>ἓν</em></span> <span class='ocrx_word' id='word_1_40' title='bbox 569 521 661 573; x_wconf 83' lang='grc' dir='ltr'><em>καὶ</em></span> <span class='ocrx_word' id='word_1_41' title='bbox 690 520 776 575; x_wconf 82' lang='grc' dir='ltr'><em>ἐπὶ</em></span> <span class='ocrx_word' id='word_1_42' title='bbox 805 519 980 575; x_wconf 78' lang='grc' dir='ltr'><em>πολλὰ</em></span> <span class='ocrx_word' id='word_1_43' title='bbox 1017 517 1265 588; x_wconf 83' lang='grc' dir='ltr'><em>πεφυκὸς</em></span> <span class='ocrx_word' id='word_1_44' title='bbox 1300 519 1467 594; x_wconf 82' lang='grc' dir='ltr'><em>ὁρᾷν,</em></span> <span class='ocrx_word' id='word_1_45' title='bbox 1504 529 1704 577; x_wconf 85' lang='grc' dir='ltr'><em>τοῦτον</em></span> <span class='ocrx_word' id='word_1_46' title='bbox 1743 523 1924 578; x_wconf 78' lang='grc' dir='ltr'><em>διώκω</em></span> 
     </span>
     <span class='ocr_line' id='line_1_7' title="bbox 245 599 1922 673; baseline 0.002 -17"><span class='ocrx_word' id='word_1_47' title='bbox 245 602 551 656; x_wconf 81' lang='grc' dir='ltr'><em>κατόπισθε</em></span> <span class='ocrx_word' id='word_1_48' title='bbox 590 599 708 671; x_wconf 79' lang='grc' dir='ltr'><em>μετ’</em></span> <span class='ocrx_word' id='word_1_49' title='bbox 753 610 929 671; x_wconf 78' lang='grc' dir='ltr'><em>ἴχνιον</em></span> <span class='ocrx_word' id='word_1_50' title='bbox 958 600 1096 656; x_wconf 74' lang='grc' dir='ltr'><em>ὥστε</em></span> <span class='ocrx_word' id='word_1_51' title='bbox 1133 609 1306 658; x_wconf 89' lang='grc' dir='ltr'><em>θεοῖο.</em></span> <span class='ocrx_word' id='word_1_52' title='bbox 1346 605 1438 659; x_wconf 83' lang='grc' dir='ltr'><em>καὶ</em></span> <span class='ocrx_word' id='word_1_53' title='bbox 1467 607 1653 673; x_wconf 88' lang='grc' dir='ltr'><em>μέντοι</em></span> <span class='ocrx_word' id='word_1_54' title='bbox 1682 606 1922 669; x_wconf 76' lang='grc' dir='ltr'><em>καὶτοὺς</em></span> 
     </span>
     <span class='ocr_line' id='line_1_8' title="bbox 246 680 1919 757; baseline 0.001 -19"><span class='ocrx_word' id='word_1_55' title='bbox 246 684 591 753; x_wconf 82' lang='grc' dir='ltr'><em>δυναμένους</em></span> <span class='ocrx_word' id='word_1_56' title='bbox 622 680 756 738; x_wconf 79' lang='grc' dir='ltr'><em>αὐτὸ</em></span> <span class='ocrx_word' id='word_1_57' title='bbox 791 687 931 757; x_wconf 80' lang='grc' dir='ltr'><em>δρᾷν</em></span> <span class='ocrx_word' id='word_1_58' title='bbox 960 689 1011 739; x_wconf 78' lang='grc' dir='ltr'><em>εἰ</em></span> <span class='ocrx_word' id='word_1_59' title='bbox 1027 684 1129 753; x_wconf 78' lang='grc' dir='ltr'><em>μὲν</em></span> <span class='ocrx_word' id='word_1_60' title='bbox 1149 681 1333 752; x_wconf 87' lang='grc' dir='ltr'><em>ὀρθῶς</em></span> <span class='ocrx_word' id='word_1_61' title='bbox 1353 681 1388 754; x_wconf 74' lang='grc' dir='ltr'><em>ἢ</em></span> <span class='ocrx_word' id='word_1_62' title='bbox 1409 684 1482 755; x_wconf 83' lang='grc' dir='ltr'><em>μὴ</em></span> <span class='ocrx_word' id='word_1_63' title='bbox 1505 686 1919 757; x_wconf 77' lang='grc' dir='ltr'><em>προσαγορεύω,</em></span> 
     </span>
     <span class='ocr_line' id='line_1_9' title="bbox 209 758 1925 835; baseline 0.003 -17"><span class='ocrx_word' id='word_1_64' title='bbox 209 789 213 809; x_wconf 77' lang='lat'><em>2</em></span> <span class='ocrx_word' id='word_1_65' title='bbox 242 763 378 829; x_wconf 84' lang='grc' dir='ltr'><em>θεὸς</em></span> <span class='ocrx_word' id='word_1_66' title='bbox 409 763 550 834; x_wconf 80' lang='grc' dir='ltr'><em>οἶδε,</em></span> <span class='ocrx_word' id='word_1_67' title='bbox 591 771 744 820; x_wconf 87' lang='grc' dir='ltr'><em>καλῶ</em></span> <span class='ocrx_word' id='word_1_68' title='bbox 773 764 832 820; x_wconf 76' lang='grc' dir='ltr'><em>δὲ</em></span> <span class='ocrx_word' id='word_1_69' title='bbox 861 758 966 819; x_wconf 77' lang='grc' dir='ltr'><em>οὖν</em></span> <span class='ocrx_word' id='word_1_70' title='bbox 996 768 1151 835; x_wconf 86' lang='grc' dir='ltr'><em>μέχρι</em></span> <span class='ocrx_word' id='word_1_71' title='bbox 1169 769 1333 820; x_wconf 81' lang='grc' dir='ltr'><em>τοῦδε</em></span> <span class='ocrx_word' id='word_1_72' title='bbox 1354 767 1741 831; x_wconf 84' lang='grc' dir='ltr'><em>διαλεκτικούς.</em></span> <span class='ocrx_word' id='word_1_73' title='bbox 1778 766 1843 822; x_wconf 73' lang='grc' dir='ltr'><em>τοὶ</em></span> <span class='ocrx_word' id='word_1_74' title='bbox 1869 768 1925 823; x_wconf 74' lang='grc' dir='ltr'><em>δὲ</em></span> 
     </span>
     <span class='ocr_line' id='line_1_10' title="bbox 242 845 1923 919; baseline 0.002 -19"><span class='ocrx_word' id='word_1_75' title='bbox 242 852 352 901; x_wconf 82' lang='grc' dir='ltr'><em>νῦν</em></span> <span class='ocrx_word' id='word_1_76' title='bbox 371 845 520 915; x_wconf 80' lang='grc' dir='ltr'><em>παρὰ</em></span> <span class='ocrx_word' id='word_1_77' title='bbox 540 854 645 901; x_wconf 87' lang='grc' dir='ltr'><em>σοῦ</em></span> <span class='ocrx_word' id='word_1_78' title='bbox 663 869 719 902; x_wconf 90' lang='grc' dir='ltr'><em>τε</em></span> <span class='ocrx_word' id='word_1_79' title='bbox 739 849 830 903; x_wconf 84' lang='grc' dir='ltr'><em>καὶ</em></span> <span class='ocrx_word' id='word_1_80' title='bbox 847 854 1064 903; x_wconf 86' lang='grc' dir='ltr'><em>Λυσίου</em></span> <span class='ocrx_word' id='word_1_81' title='bbox 1082 847 1364 917; x_wconf 82' lang='grc' dir='ltr'><em>μαθόντας</em></span> <span class='ocrx_word' id='word_1_82' title='bbox 1386 846 1500 903; x_wconf 76' lang='grc' dir='ltr'><em>εἰπὲ</em></span> <span class='ocrx_word' id='word_1_83' title='bbox 1517 854 1573 903; x_wconf 89' lang='grc' dir='ltr'><em>τί</em></span> <span class='ocrx_word' id='word_1_84' title='bbox 1586 847 1686 919; x_wconf 84' lang='grc' dir='ltr'><em>χρὴ</em></span> <span class='ocrx_word' id='word_1_85' title='bbox 1708 856 1897 904; x_wconf 81' lang='grc' dir='ltr'><em>καλεῖν</em></span> <span class='ocrx_word' id='word_1_86' title='bbox 1913 871 1923 881; x_wconf 93' lang='grc'><em>·</em></span> 
     </span>
     <span class='ocr_line' id='line_1_11' title="bbox 241 923 1926 1002; baseline 0.002 -20"><span class='ocrx_word' id='word_1_87' title='bbox 241 925 278 998; x_wconf 77' lang='grc' dir='ltr'><strong><em>ἦ</em></strong></span> <span class='ocrx_word' id='word_1_88' title='bbox 296 934 460 983; x_wconf 87' lang='grc' dir='ltr'><em>τοῦτο</em></span> <span class='ocrx_word' id='word_1_89' title='bbox 478 929 656 983; x_wconf 83' lang='grc' dir='ltr'><em>ἐκεῖνό</em></span> <span class='ocrx_word' id='word_1_90' title='bbox 677 931 823 983; x_wconf 84' lang='grc' dir='ltr'><em>ἐστιν</em></span> <span class='ocrx_word' id='word_1_91' title='bbox 840 927 873 1000; x_wconf 80' lang='grc' dir='ltr'>ἡ</span> <span class='ocrx_word' id='word_1_92' title='bbox 896 930 1079 999; x_wconf 90' lang='grc' dir='ltr'><em>λόγων</em></span> <span class='ocrx_word' id='word_1_93' title='bbox 1097 933 1254 1000; x_wconf 81' lang='grc' dir='ltr'><em>τέχνη</em></span> <span class='ocrx_word' id='word_1_94' title='bbox 1267 972 1282 1000; x_wconf 97' lang='grc'><em>,</em></span> <span class='ocrx_word' id='word_1_95' title='bbox 1319 923 1358 1002; x_wconf 81' lang='grc' dir='ltr'><em>ᾗ</em></span> <span class='ocrx_word' id='word_1_96' title='bbox 1379 930 1742 1000; x_wconf 80' lang='grc' dir='ltr'><em>Θρασύμαχός</em></span> <span class='ocrx_word' id='word_1_97' title='bbox 1759 952 1816 986; x_wconf 90' lang='grc' dir='ltr'><em>τε</em></span> <span class='ocrx_word' id='word_1_98' title='bbox 1836 932 1926 986; x_wconf 87' lang='grc' dir='ltr'><em>καὶ</em></span> 
     </span>
     <span class='ocr_line' id='line_1_12' title="bbox 243 1009 1924 1083; baseline 0.002 -19"><span class='ocrx_word' id='word_1_99' title='bbox 243 1014 299 1065; x_wconf 78' lang='grc' dir='ltr'><em>οἰ</em></span> <span class='ocrx_word' id='word_1_100' title='bbox 316 1009 471 1066; x_wconf 75' lang='grc' dir='ltr'><em>ἄλλοι</em></span> <span class='ocrx_word' id='word_1_101' title='bbox 499 1010 772 1081; x_wconf 76' lang='grc' dir='ltr'><em>χρώμενοι</em></span> <span class='ocrx_word' id='word_1_102' title='bbox 800 1015 964 1081; x_wconf 85' lang='grc' dir='ltr'><em>σοφοὶ</em></span> <span class='ocrx_word' id='word_1_103' title='bbox 993 1011 1093 1081; x_wconf 78' lang='grc' dir='ltr'><em>μὲν</em></span> <span class='ocrx_word' id='word_1_104' title='bbox 1113 1011 1267 1066; x_wconf 82' lang='grc' dir='ltr'><em>αὐτοὶ</em></span> <span class='ocrx_word' id='word_1_105' title='bbox 1287 1014 1465 1080; x_wconf 90' lang='grc' dir='ltr'><em>λέγειν</em></span> <span class='ocrx_word' id='word_1_106' title='bbox 1482 1011 1802 1083; x_wconf 87' lang='grc' dir='ltr'><em>γεγόνασιν,</em></span> <span class='ocrx_word' id='word_1_107' title='bbox 1825 1012 1924 1067; x_wconf 79' lang='grc' dir='ltr'><em>ἄλ-</em></span> 
     </span>
     <span class='ocr_line' id='line_1_13' title="bbox 242 1089 1915 1164; baseline 0 -16"><span class='ocrx_word' id='word_1_108' title='bbox 242 1100 372 1157; x_wconf 83' lang='grc' dir='ltr'><em>λους</em></span> <span class='ocrx_word' id='word_1_109' title='bbox 390 1114 447 1147; x_wconf 85' lang='grc' dir='ltr'><em>τε</em></span> <span class='ocrx_word' id='word_1_110' title='bbox 467 1100 752 1163; x_wconf 84' lang='grc' dir='ltr'><em>ποιοῦσιν,</em></span> <span class='ocrx_word' id='word_1_111' title='bbox 776 1099 831 1148; x_wconf 81' lang='grc' dir='ltr'><em>οἳ</em></span> <span class='ocrx_word' id='word_1_112' title='bbox 851 1089 921 1147; x_wconf 69' lang='grc' dir='ltr'><em>ἂν</em></span> <span class='ocrx_word' id='word_1_113' title='bbox 942 1097 1286 1163; x_wconf 82' lang='grc' dir='ltr'><em>δωροφορεῖν</em></span> <span class='ocrx_word' id='word_1_114' title='bbox 1306 1090 1492 1157; x_wconf 79' lang='grc' dir='ltr'><em>αὐτοῖς</em></span> <span class='ocrx_word' id='word_1_115' title='bbox 1512 1091 1584 1158; x_wconf 80' lang='grc' dir='ltr'><em>ὡς</em></span> <span class='ocrx_word' id='word_1_116' title='bbox 1601 1099 1915 1164; x_wconf 68' lang='grc' dir='ltr'><em>βασιλεῦσιν</em></span> 
     </span>
     <span class='ocr_line' id='line_1_14' title="bbox 241 1178 536 1240; baseline -0.003 -10"><span class='ocrx_word' id='word_1_117' title='bbox 241 1178 536 1240; x_wconf 83' lang='grc' dir='ltr'><em>ἐθέλωσιν;</em></span> 
     </span>
    </p>

    <p class='ocr_par' dir='ltr' id='par_1_4' title="bbox 240 1254 1926 1573">
     <span class='ocr_line' id='line_1_15' title="bbox 383 1254 1925 1327; baseline -0.001 -15"><span class='ocrx_word' id='word_1_118' title='bbox 383 1263 532 1312; x_wconf 89' lang='grc' dir='ltr'><em>ΦΑΙ.</em></span> <span class='ocrx_word' id='word_1_119' title='bbox 588 1257 870 1311; x_wconf 85' lang='grc' dir='ltr'><em>Βασιλικοὶ</em></span> <span class='ocrx_word' id='word_1_120' title='bbox 890 1254 991 1325; x_wconf 77' lang='grc' dir='ltr'><em>μὲν</em></span> <span class='ocrx_word' id='word_1_121' title='bbox 1010 1255 1235 1324; x_wconf 79' lang='grc' dir='ltr'><em>ἄνδρες,</em></span> <span class='ocrx_word' id='word_1_122' title='bbox 1271 1255 1339 1311; x_wconf 82' lang='grc' dir='ltr'><em>ού</em></span> <span class='ocrx_word' id='word_1_123' title='bbox 1358 1257 1458 1326; x_wconf 75' lang='grc' dir='ltr'><em>μὲν</em></span> <span class='ocrx_word' id='word_1_124' title='bbox 1479 1255 1544 1327; x_wconf 87' lang='grc' dir='ltr'><em>δὴ</em></span> <span class='ocrx_word' id='word_1_125' title='bbox 1570 1256 1925 1327; x_wconf 83' lang='grc' dir='ltr'><em>ἐπιστήμονές</em></span> 
     </span>
     <span class='ocr_line' id='line_1_16' title="bbox 240 1332 1924 1413; baseline -0.001 -19"><span class='ocrx_word' id='word_1_126' title='bbox 240 1361 302 1409; x_wconf 86' lang='grc' dir='ltr'><em>γε</em></span> <span class='ocrx_word' id='word_1_127' title='bbox 334 1332 414 1394; x_wconf 80' lang='grc' dir='ltr'><em>ῶν</em></span> <span class='ocrx_word' id='word_1_128' title='bbox 444 1342 661 1413; x_wconf 81' lang='grc' dir='ltr'><em>ἐρωτᾷς.</em></span> <span class='ocrx_word' id='word_1_129' title='bbox 707 1336 843 1393; x_wconf 78' lang='grc' dir='ltr'><em>ἀλλὰ</em></span> <span class='ocrx_word' id='word_1_130' title='bbox 866 1344 1028 1394; x_wconf 83' lang='grc' dir='ltr'><em>τοῦτο</em></span> <span class='ocrx_word' id='word_1_131' title='bbox 1052 1338 1153 1408; x_wconf 77' lang='grc' dir='ltr'><em>μὲν</em></span> <span class='ocrx_word' id='word_1_132' title='bbox 1173 1337 1233 1392; x_wconf 85' lang='grc' dir='ltr'><em>τὸ</em></span> <span class='ocrx_word' id='word_1_133' title='bbox 1258 1336 1399 1402; x_wconf 80' lang='grc' dir='ltr'><em>εἶδος</em></span> <span class='ocrx_word' id='word_1_134' title='bbox 1421 1337 1606 1406; x_wconf 86' lang='grc' dir='ltr'><em>ὀρθῶς</em></span> <span class='ocrx_word' id='word_1_135' title='bbox 1626 1341 1808 1407; x_wconf 80' lang='grc' dir='ltr'><em>ἔμοιγε</em></span> <span class='ocrx_word' id='word_1_136' title='bbox 1827 1342 1924 1392; x_wconf 87' lang='grc' dir='ltr'><em>δο-</em></span> 
     </span>
     <span class='ocr_line' id='line_1_17' title="bbox 242 1417 1926 1490; baseline -0.001 -15"><span class='ocrx_word' id='word_1_137' title='bbox 242 1432 352 1484; x_wconf 88' lang='grc' dir='ltr'><em>κεῖς</em></span> <span class='ocrx_word' id='word_1_138' title='bbox 382 1427 597 1489; x_wconf 81' lang='grc' dir='ltr'><em>καλεῖν,</em></span> <span class='ocrx_word' id='word_1_139' title='bbox 638 1418 983 1476; x_wconf 82' lang='grc' dir='ltr'><em>διαλεκτικὸν</em></span> <span class='ocrx_word' id='word_1_140' title='bbox 1013 1425 1223 1476; x_wconf 86' lang='grc' dir='ltr'><em>καλῶν·</em></span> <span class='ocrx_word' id='word_1_141' title='bbox 1264 1418 1323 1475; x_wconf 82' lang='grc' dir='ltr'><em>τὸ</em></span> <span class='ocrx_word' id='word_1_142' title='bbox 1358 1421 1416 1475; x_wconf 78' lang='grc' dir='ltr'><em>δὲ</em></span> <span class='ocrx_word' id='word_1_143' title='bbox 1450 1417 1746 1490; x_wconf 78' lang='grc' dir='ltr'><em>ῥητορικὸν</em></span> <span class='ocrx_word' id='word_1_144' title='bbox 1774 1423 1926 1474; x_wconf 87' lang='grc' dir='ltr'><em>δοκεῖ</em></span> 
     </span>
     <span class='ocr_line' id='line_1_18' title="bbox 243 1500 966 1573; baseline -0.001 -15"><span class='ocrx_word' id='word_1_145' title='bbox 243 1524 336 1572; x_wconf 88' lang='grc' dir='ltr'><em>μοι</em></span> <span class='ocrx_word' id='word_1_146' title='bbox 357 1501 678 1572; x_wconf 83' lang='grc' dir='ltr'><em>διαφεύγειν</em></span> <span class='ocrx_word' id='word_1_147' title='bbox 696 1500 786 1557; x_wconf 80' lang='grc' dir='ltr'><em>ἔθ’</em></span> <span class='ocrx_word' id='word_1_148' title='bbox 809 1500 966 1573; x_wconf 79' lang='grc' dir='ltr'><em>ἡμᾶς.</em></span> 
     </span>
    </p>

    <p class='ocr_par' dir='ltr' id='par_1_5' title="bbox 239 1581 1923 1902">
     <span class='ocr_line' id='line_1_19' title="bbox 379 1581 1923 1655; baseline -0.002 -16"><span class='ocrx_word' id='word_1_149' title='bbox 379 1590 504 1640; x_wconf 73' lang='grc' dir='ltr'><em>ΣΩ.</em></span> <span class='ocrx_word' id='word_1_150' title='bbox 558 1590 689 1649; x_wconf 89' lang='grc' dir='ltr'><em>Πῶς</em></span> <span class='ocrx_word' id='word_1_151' title='bbox 721 1584 859 1655; x_wconf 83' lang='grc' dir='ltr'><em>φῄς;</em></span> <span class='ocrx_word' id='word_1_152' title='bbox 882 1585 1057 1640; x_wconf 86' lang='grc' dir='ltr'><em>καλόν</em></span> <span class='ocrx_word' id='word_1_153' title='bbox 1077 1586 1189 1640; x_wconf 87' lang='grc' dir='ltr'><em>πού</em></span> <span class='ocrx_word' id='word_1_154' title='bbox 1210 1609 1259 1640; x_wconf 91' lang='grc' dir='ltr'><em>τι</em></span> <span class='ocrx_word' id='word_1_155' title='bbox 1278 1582 1349 1640; x_wconf 74' lang='grc' dir='ltr'><em>ἄν</em></span> <span class='ocrx_word' id='word_1_156' title='bbox 1375 1593 1475 1655; x_wconf 73' lang='grc' dir='ltr'><em>εἴη,</em></span> <span class='ocrx_word' id='word_1_157' title='bbox 1500 1581 1531 1638; x_wconf 82' lang='grc' dir='ltr'><em>ὃ</em></span> <span class='ocrx_word' id='word_1_158' title='bbox 1551 1582 1765 1638; x_wconf 84' lang='grc' dir='ltr'><em>τούτων</em></span> <span class='ocrx_word' id='word_1_159' title='bbox 1784 1583 1923 1637; x_wconf 79' lang='grc' dir='ltr'><em>ἀπο-</em></span> 
     </span>
     <span class='ocr_line' id='line_1_20' title="bbox 242 1662 1923 1738; baseline -0.002 -16"><span class='ocrx_word' id='word_1_160' title='bbox 242 1667 475 1738; x_wconf 73' lang='grc' dir='ltr'><em>λειφθὲν</em></span> <span class='ocrx_word' id='word_1_161' title='bbox 504 1665 652 1736; x_wconf 82' lang='grc' dir='ltr'><em>ὅμως</em></span> <span class='ocrx_word' id='word_1_162' title='bbox 677 1670 836 1738; x_wconf 80' lang='grc' dir='ltr'><em>τέχνῃ</em></span> <span class='ocrx_word' id='word_1_163' title='bbox 865 1667 1227 1737; x_wconf 80' lang='grc' dir='ltr'><em>λαμβάνεται;</em></span> <span class='ocrx_word' id='word_1_164' title='bbox 1268 1668 1486 1730; x_wconf 79' lang='grc' dir='ltr'><em>παντως</em></span> <span class='ocrx_word' id='word_1_165' title='bbox 1517 1663 1567 1719; x_wconf 85' lang='grc' dir='ltr'><em>δ’</em></span> <span class='ocrx_word' id='word_1_166' title='bbox 1605 1662 1708 1720; x_wconf 79' lang='grc' dir='ltr'><em>οὐκ</em></span> <span class='ocrx_word' id='word_1_167' title='bbox 1729 1662 1923 1734; x_wconf 79' lang='grc' dir='ltr'><em>ἀτιμα-</em></span> 
     </span>
     <span class='ocr_line' id='line_1_21' title="bbox 241 1746 1921 1819; baseline 0 -17"><span class='ocrx_word' id='word_1_168' title='bbox 241 1752 400 1804; x_wconf 88' lang='grc' dir='ltr'><em>στέον</em></span> <span class='ocrx_word' id='word_1_169' title='bbox 431 1746 565 1803; x_wconf 79' lang='grc' dir='ltr'><em>αὐτὸ</em></span> <span class='ocrx_word' id='word_1_170' title='bbox 597 1754 690 1803; x_wconf 90' lang='grc' dir='ltr'><em>σοί</em></span> <span class='ocrx_word' id='word_1_171' title='bbox 712 1770 770 1803; x_wconf 90' lang='grc' dir='ltr'><em>τε</em></span> <span class='ocrx_word' id='word_1_172' title='bbox 796 1749 887 1804; x_wconf 82' lang='grc' dir='ltr'><em>καὶ</em></span> <span class='ocrx_word' id='word_1_173' title='bbox 917 1752 1062 1819; x_wconf 87' lang='grc' dir='ltr'><em>ε’μοί,</em></span> <span class='ocrx_word' id='word_1_174' title='bbox 1100 1751 1320 1804; x_wconf 84' lang='grc' dir='ltr'><em>λεκτέον</em></span> <span class='ocrx_word' id='word_1_175' title='bbox 1342 1749 1399 1804; x_wconf 79' lang='grc' dir='ltr'><em>δὲ</em></span> <span class='ocrx_word' id='word_1_176' title='bbox 1427 1753 1480 1803; x_wconf 88' lang='grc' dir='ltr'><em>τί</em></span> <span class='ocrx_word' id='word_1_177' title='bbox 1495 1751 1680 1819; x_wconf 87' lang='grc' dir='ltr'><em>μέντοι</em></span> <span class='ocrx_word' id='word_1_178' title='bbox 1699 1749 1788 1803; x_wconf 74' lang='grc' dir='ltr'><em>καὶ</em></span> <span class='ocrx_word' id='word_1_179' title='bbox 1807 1751 1921 1802; x_wconf 82' lang='grc' dir='ltr'><em>ἔστι</em></span> 
     </span>
     <span class='ocr_line' id='line_1_22' title="bbox 239 1827 1084 1902; baseline 0 -16"><span class='ocrx_word' id='word_1_180' title='bbox 239 1827 299 1886; x_wconf 88' lang='grc' dir='ltr'><em>τὸ</em></span> <span class='ocrx_word' id='word_1_181' title='bbox 321 1829 650 1899; x_wconf 86' lang='grc' dir='ltr'><em>λειπόμενον</em></span> <span class='ocrx_word' id='word_1_182' title='bbox 666 1838 762 1900; x_wconf 84' lang='grc' dir='ltr'><em>τῆς</em></span> <span class='ocrx_word' id='word_1_183' title='bbox 781 1834 1084 1902; x_wconf 79' lang='grc' dir='ltr'><em>ῥητορικῆς.</em></span> 
     </span>
    </p>

    <p class='ocr_par' dir='ltr' id='par_1_6' title="bbox 239 1907 1921 2064">
     <span class='ocr_line' id='line_1_23' title="bbox 379 1907 1921 1984; baseline 0.001 -18"><span class='ocrx_word' id='word_1_184' title='bbox 379 1918 529 1967; x_wconf 90' lang='grc' dir='ltr'><em>ΦΑΙ.</em></span> <span class='ocrx_word' id='word_1_185' title='bbox 587 1913 697 1967; x_wconf 87' lang='grc' dir='ltr'><em>Καὶ</em></span> <span class='ocrx_word' id='word_1_186' title='bbox 716 1912 864 1981; x_wconf 78' lang='grc' dir='ltr'><em>μάλα</em></span> <span class='ocrx_word' id='word_1_187' title='bbox 894 1933 1004 1967; x_wconf 86' lang='grc' dir='ltr'><em>που</em></span> <span class='ocrx_word' id='word_1_188' title='bbox 1024 1913 1227 1982; x_wconf 76' lang='grc' dir='ltr'><em>συχνά,</em></span> <span class='ocrx_word' id='word_1_189' title='bbox 1269 1907 1313 1967; x_wconf 83' lang='grc' dir='ltr'><em>ῶ</em></span> <span class='ocrx_word' id='word_1_190' title='bbox 1339 1915 1658 1984; x_wconf 75' lang='grc' dir='ltr'><em>Σώκρατες,</em></span> <span class='ocrx_word' id='word_1_191' title='bbox 1698 1915 1763 1968; x_wconf 77' lang='grc' dir='ltr'><em>τά</em></span> <span class='ocrx_word' id='word_1_192' title='bbox 1783 1912 1836 1983; x_wconf 87' lang='grc' dir='ltr'><em>γ’</em></span> <span class='ocrx_word' id='word_1_193' title='bbox 1861 1916 1921 1968; x_wconf 83' lang='grc' dir='ltr'><em>ἐν</em></span> 
     </span>
     <span class='ocr_line' id='line_1_24' title="bbox 239 1995 1702 2064; baseline 0.001 -16"><span class='ocrx_word' id='word_1_194' title='bbox 239 2005 351 2058; x_wconf 88' lang='grc' dir='ltr'><em>τοῖς</em></span> <span class='ocrx_word' id='word_1_195' title='bbox 368 1999 599 2064; x_wconf 85' lang='grc' dir='ltr'><em>βιβλίοις</em></span> <span class='ocrx_word' id='word_1_196' title='bbox 616 1996 868 2063; x_wconf 81' lang='grc' dir='ltr'><em>τοῖςπερὶ</em></span> <span class='ocrx_word' id='word_1_197' title='bbox 888 1995 1072 2064; x_wconf 87' lang='grc' dir='ltr'><em>λόγων</em></span> <span class='ocrx_word' id='word_1_198' title='bbox 1089 1996 1278 2063; x_wconf 81' lang='grc' dir='ltr'><em>τέχνης</em></span> <span class='ocrx_word' id='word_1_199' title='bbox 1296 1997 1702 2063; x_wconf 87' lang='grc' dir='ltr'><em>γεγραμμένοις.</em></span> 
     </span>
    </p>

    <p class='ocr_par' dir='ltr' id='par_1_7' title="bbox 239 2073 1919 2311">
     <span class='ocr_line' id='line_1_25' title="bbox 379 2073 1919 2147; baseline 0.001 -17"><span class='ocrx_word' id='word_1_200' title='bbox 379 2082 460 2130; x_wconf 93' lang='lat' dir='ltr'><em>LI.</em></span> <span class='ocrx_word' id='word_1_201' title='bbox 532 2080 658 2130; x_wconf 74' lang='grc' dir='ltr'><em>ΣΩ.</em></span> <span class='ocrx_word' id='word_1_202' title='bbox 714 2077 826 2131; x_wconf 87' lang='grc' dir='ltr'><em>Καὶ</em></span> <span class='ocrx_word' id='word_1_203' title='bbox 856 2082 1035 2140; x_wconf 86' lang='grc' dir='ltr'><em>καλῶς</em></span> <span class='ocrx_word' id='word_1_204' title='bbox 1060 2096 1124 2145; x_wconf 92' lang='grc' dir='ltr'><em>γε</em></span> <span class='ocrx_word' id='word_1_205' title='bbox 1143 2073 1472 2145; x_wconf 81' lang='grc' dir='ltr'><em>ὑπέμνησας.</em></span> <span class='ocrx_word' id='word_1_206' title='bbox 1511 2082 1801 2147; x_wconf 88' lang='grc' dir='ltr'><em>προοίμιον</em></span> <span class='ocrx_word' id='word_1_207' title='bbox 1819 2077 1919 2146; x_wconf 75' lang='grc' dir='ltr'><em>μὲν</em></span> 
     </span>
     <span class='ocr_line' id='line_1_26' title="bbox 240 2155 1917 2229; baseline -0.001 -14"><span class='ocrx_word' id='word_1_208' title='bbox 240 2158 387 2229; x_wconf 83' lang='grc' dir='ltr'><em>οἶμαι</em></span> <span class='ocrx_word' id='word_1_209' title='bbox 415 2162 636 2225; x_wconf 87' lang='grc' dir='ltr'><em>πρῶτον</em></span> <span class='ocrx_word' id='word_1_210' title='bbox 658 2155 730 2222; x_wconf 81' lang='grc' dir='ltr'><em>ὡς</em></span> <span class='ocrx_word' id='word_1_211' title='bbox 755 2161 840 2212; x_wconf 92' lang='grc' dir='ltr'><em>δεῖ</em></span> <span class='ocrx_word' id='word_1_212' title='bbox 863 2163 963 2213; x_wconf 86' lang='grc' dir='ltr'><em>τοῦ</em></span> <span class='ocrx_word' id='word_1_213' title='bbox 984 2158 1155 2228; x_wconf 87' lang='grc' dir='ltr'><em>λόγου</em></span> <span class='ocrx_word' id='word_1_214' title='bbox 1184 2161 1446 2226; x_wconf 85' lang='grc' dir='ltr'><em>λέγεσθαι</em></span> <span class='ocrx_word' id='word_1_215' title='bbox 1466 2160 1524 2214; x_wconf 86' lang='grc' dir='ltr'><em>ἐν</em></span> <span class='ocrx_word' id='word_1_216' title='bbox 1544 2155 1686 2229; x_wconf 74' lang='grc' dir='ltr'><em>ἀρχῇ</em></span> <span class='ocrx_word' id='word_1_217' title='bbox 1700 2180 1709 2189; x_wconf 95' lang='grc'><em>·</em></span> <span class='ocrx_word' id='word_1_218' title='bbox 1745 2165 1917 2213; x_wconf 81' lang='grc' dir='ltr'><em>ταῦτα</em></span> 
     </span>
     <span class='ocr_line' id='line_1_27' title="bbox 239 2233 1435 2311; baseline 0 -15"><span class='ocrx_word' id='word_1_219' title='bbox 239 2244 409 2310; x_wconf 87' lang='grc' dir='ltr'><em>λέγεις</em></span> <span class='ocrx_word' id='word_1_220' title='bbox 426 2274 498 2281; x_wconf 85' lang='grc'>-</span> <span class='ocrx_word' id='word_1_221' title='bbox 520 2233 560 2311; x_wconf 75' lang='grc' dir='ltr'><strong><em>ἦ</em></strong></span> <span class='ocrx_word' id='word_1_222' title='bbox 577 2239 711 2311; x_wconf 81' lang='grc' dir='ltr'><em>γάρ;</em></span> <span class='ocrx_word' id='word_1_223' title='bbox 730 2273 801 2282; x_wconf 88' lang='grc'><em>--</em></span> <span class='ocrx_word' id='word_1_224' title='bbox 820 2238 885 2295; x_wconf 79' lang='grc' dir='ltr'><em>τὰ</em></span> <span class='ocrx_word' id='word_1_225' title='bbox 907 2237 1092 2310; x_wconf 73' lang='grc' dir='ltr'><em>κομψοὶ</em></span> <span class='ocrx_word' id='word_1_226' title='bbox 1111 2247 1206 2311; x_wconf 84' lang='grc' dir='ltr'><em>τῆς</em></span> <span class='ocrx_word' id='word_1_227' title='bbox 1223 2243 1435 2311; x_wconf 85' lang='grc' dir='ltr'><em>τέχνης;</em></span> 
     </span>
    </p>

    <p class='ocr_par' dir='ltr' id='par_1_8' title="bbox 378 2326 713 2376">
     <span class='ocr_line' id='line_1_28' title="bbox 378 2326 713 2376; baseline -0.003 0"><span class='ocrx_word' id='word_1_228' title='bbox 378 2327 527 2376; x_wconf 88' lang='grc' dir='ltr'><em>ΦΑΙ.</em></span> <span class='ocrx_word' id='word_1_229' title='bbox 586 2326 713 2376; x_wconf 86' lang='grc' dir='ltr'><em>Ναί.</em></span> 
     </span>
    </p>

    <p class='ocr_par' dir='ltr' id='par_1_9' title="bbox 236 2403 1916 2719">
     <span class='ocr_line' id='line_1_29' title="bbox 378 2403 1912 2477; baseline 0.002 -19"><span class='ocrx_word' id='word_1_230' title='bbox 378 2409 502 2459; x_wconf 68' lang='grc' dir='ltr'><em>ΣΩ.</em></span> <span class='ocrx_word' id='word_1_231' title='bbox 558 2407 841 2476; x_wconf 88' lang='grc' dir='ltr'><em>Δεύτερον</em></span> <span class='ocrx_word' id='word_1_232' title='bbox 861 2408 919 2460; x_wconf 81' lang='grc' dir='ltr'><em>δὲ</em></span> <span class='ocrx_word' id='word_1_233' title='bbox 941 2404 1007 2476; x_wconf 86' lang='grc' dir='ltr'><em>δὴ</em></span> <span class='ocrx_word' id='word_1_234' title='bbox 1029 2405 1282 2476; x_wconf 79' lang='grc' dir='ltr'><em>διήγησίν</em></span> <span class='ocrx_word' id='word_1_235' title='bbox 1301 2429 1422 2461; x_wconf 87' lang='grc' dir='ltr'><em>τινα</em></span> <span class='ocrx_word' id='word_1_236' title='bbox 1441 2412 1741 2477; x_wconf 88' lang='grc' dir='ltr'><em>μαρτυρίας</em></span> <span class='ocrx_word' id='word_1_237' title='bbox 1762 2403 1811 2460; x_wconf 79' lang='grc' dir='ltr'><em>τ’</em></span> <span class='ocrx_word' id='word_1_238' title='bbox 1834 2403 1912 2461; x_wconf 80' lang='grc' dir='ltr'><em>ἐπ’</em></span> 
     </span>
     <span class='ocr_line' id='line_1_30' title="bbox 237 2484 1916 2559; baseline 0.001 -18"><span class='ocrx_word' id='word_1_239' title='bbox 237 2484 403 2559; x_wconf 82' lang='grc' dir='ltr'><em>αὐτῇ,</em></span> <span class='ocrx_word' id='word_1_240' title='bbox 437 2492 626 2556; x_wconf 85' lang='grc' dir='ltr'><em>τρίτον</em></span> <span class='ocrx_word' id='word_1_241' title='bbox 655 2489 944 2559; x_wconf 83' lang='grc' dir='ltr'><em>τεκμήρια,</em></span> <span class='ocrx_word' id='word_1_242' title='bbox 986 2492 1244 2557; x_wconf 88' lang='grc' dir='ltr'><em>τέταρτον</em></span> <span class='ocrx_word' id='word_1_243' title='bbox 1280 2489 1487 2544; x_wconf 81' lang='grc' dir='ltr'><em>εἰκότα·</em></span> <span class='ocrx_word' id='word_1_244' title='bbox 1527 2490 1619 2543; x_wconf 87' lang='grc' dir='ltr'><em>καὶ</em></span> <span class='ocrx_word' id='word_1_245' title='bbox 1655 2494 1916 2544; x_wconf 89' lang='grc' dir='ltr'><em>πίστωσιν</em></span> 
     </span>
     <span class='ocr_line' id='line_1_31' title="bbox 237 2570 1916 2642; baseline -0.001 -18"><span class='ocrx_word' id='word_1_246' title='bbox 237 2572 386 2640; x_wconf 75' lang='grc' dir='ltr'><em>οἶμαι</em></span> <span class='ocrx_word' id='word_1_247' title='bbox 404 2570 496 2624; x_wconf 81' lang='grc' dir='ltr'><em>καὶ</em></span> <span class='ocrx_word' id='word_1_248' title='bbox 515 2572 871 2626; x_wconf 83' lang='grc' dir='ltr'><em>ἐπιπίστωσιν</em></span> <span class='ocrx_word' id='word_1_249' title='bbox 890 2573 1069 2641; x_wconf 89' lang='grc' dir='ltr'><em>λέγειν</em></span> <span class='ocrx_word' id='word_1_250' title='bbox 1087 2571 1186 2626; x_wconf 90' lang='grc' dir='ltr'><em>τόν</em></span> <span class='ocrx_word' id='word_1_251' title='bbox 1204 2591 1265 2639; x_wconf 87' lang='grc' dir='ltr'><em>γε</em></span> <span class='ocrx_word' id='word_1_252' title='bbox 1285 2574 1568 2642; x_wconf 87' lang='grc' dir='ltr'><em>βέλτιστον</em></span> <span class='ocrx_word' id='word_1_253' title='bbox 1589 2573 1916 2639; x_wconf 81' lang='grc' dir='ltr'><em>λογοδαίδα-</em></span> 
     </span>
     <span class='ocr_line' id='line_1_32' title="bbox 236 2651 866 2719; baseline 0 -13"><span class='ocrx_word' id='word_1_254' title='bbox 236 2659 336 2706; x_wconf 89' lang='grc' dir='ltr'><em>λον</em></span> <span class='ocrx_word' id='word_1_255' title='bbox 353 2651 658 2717; x_wconf 79' lang='grc' dir='ltr'><em>Βυζάντιον</em></span> <span class='ocrx_word' id='word_1_256' title='bbox 677 2651 866 2719; x_wconf 79' lang='grc' dir='ltr'><em>ἄνδρα.</em></span> 
     </span>
    </p>

    <p class='ocr_par' dir='ltr' id='par_1_10' title="bbox 380 2731 1494 2804">
     <span class='ocr_line' id='line_1_33' title="bbox 380 2731 1494 2804; baseline 0.003 -18"><span class='ocrx_word' id='word_1_257' title='bbox 380 2738 529 2787; x_wconf 88' lang='grc' dir='ltr'><em>ΦΑΙ.</em></span> <span class='ocrx_word' id='word_1_258' title='bbox 592 2731 704 2788; x_wconf 88' lang='grc' dir='ltr'><em>Τόν</em></span> <span class='ocrx_word' id='word_1_259' title='bbox 723 2733 960 2803; x_wconf 81' lang='grc' dir='ltr'><em>χρηστὸν</em></span> <span class='ocrx_word' id='word_1_260' title='bbox 982 2737 1154 2804; x_wconf 86' lang='grc' dir='ltr'><em>λέγεις</em></span> <span class='ocrx_word' id='word_1_261' title='bbox 1174 2735 1494 2804; x_wconf 74' lang='grc' dir='ltr'><em>Θεόδωρον-;</em></span> 
     </span>
    </p>

    <p class='ocr_par' dir='ltr' id='par_1_11' title="bbox 382 2812 1914 2887">
     <span class='ocr_line' id='line_1_34' title="bbox 382 2812 1914 2887; baseline -0.001 -19"><span class='ocrx_word' id='word_1_262' title='bbox 382 2819 506 2868; x_wconf 75' lang='grc' dir='ltr'><em>ΣΩ.</em></span> <span class='ocrx_word' id='word_1_263' title='bbox 568 2820 637 2869; x_wconf 86' lang='grc' dir='ltr'><em>Τι’</em></span> <span class='ocrx_word' id='word_1_264' title='bbox 666 2815 805 2886; x_wconf 83' lang='grc' dir='ltr'><em>μήν;</em></span> <span class='ocrx_word' id='word_1_265' title='bbox 846 2818 936 2870; x_wconf 85' lang='grc' dir='ltr'><em>καὶ</em></span> <span class='ocrx_word' id='word_1_266' title='bbox 972 2817 1196 2887; x_wconf 80' lang='grc' dir='ltr'><em>ἔλεγχόν</em></span> <span class='ocrx_word' id='word_1_267' title='bbox 1233 2838 1295 2886; x_wconf 91' lang='grc' dir='ltr'><em>γε</em></span> <span class='ocrx_word' id='word_1_268' title='bbox 1331 2818 1421 2871; x_wconf 83' lang='grc' dir='ltr'><em>καὶ</em></span> <span class='ocrx_word' id='word_1_269' title='bbox 1457 2817 1802 2884; x_wconf 79' lang='grc' dir='ltr'><em>ἐπεξέλεγχον</em></span> <span class='ocrx_word' id='word_1_270' title='bbox 1842 2812 1914 2879; x_wconf 74' lang='grc' dir='ltr'><em>ὡς</em></span> 
     </span>
    </p>
   </div>
  </div>
 </body>
</html>
