2028 3198
330 155 434 207 246
930 157 1103 203 HAA
1123 155 1407 205 ΤΩΝΟΣ
1921 148 2026 212 ιοσ

214 303 299 348 262
471 295 622 344 ΦΑΙ.
675 287 761 343 Ἐν
781 300 891 352 τοῖς
911 285 1113 358 ὀλίγον.

467 372 589 423 ΣΩ.
642 366 802 424 Ἀλλά
834 390 896 439 γε
927 367 994 440 δὴ
1014 369 1152 425 κατὰ
1174 367 1410 440 σμικρὸν
1429 376 1776 441 μεταβαίνων
1794 379 2004 442 μᾶλλον

326 450 508 521 λήσεις
528 448 712 505 ἐλθών
732 452 816 506 ε’πὶ
835 449 893 506 τὸ
919 453 1172 506 ἐναντίον
1189 447 1224 521 ἢ
1244 450 1380 506 κατὰ
1400 455 1551 526 μέγα.

468 538 616 589 ΦΑΙ.
672 537 803 596 Πῶς
825 529 875 586 δ’
900 531 997 597 οῧ;

466 620 590 671 ΣΩ.
645 621 754 668 Δεῖ
775 611 882 683 ἄρα
910 612 1011 668 τὸν
1040 616 1308 684 μέλλοντα
1340 613 1644 687 ἀπατήσειν
1677 618 1778 688 μὲν
1814 616 2002 688 ἄλλον,

325 694 500 752 αὐτὸν
520 698 578 752 δὲ
599 693 673 766 μὴ
696 691 1106 765 άπατήσεσθαι,
1140 694 1242 766 τὴν
1272 692 1565 768 ὁμοιότητα
1582 703 1696 752 τῶν
1714 697 1895 753 ὄντων
1913 699 2003 754 καὶ

324 778 687 850 ἀνομοιότητα
710 775 949 847 ἀκριβῶς
971 777 1242 832 διειδέναι.

465 866 615 916 ΦΑΙ.
653 857 903 956 Ἀνάγκη
923 880 1024 927 μεν
1045 880 1163 912 ουν.

463 947 586 1039 Σῼζ
653 934 722 995 'H
747 942 850 995 οὐν
883 935 997 1003 οἶός
1025 961 1080 994 τε
1110 943 1284 1007 ε”,σται
1325 938 1594 1012 αλήθειαν
1621 940 1841 1012 αγνοῶν
1874 942 2003 1000 ἑκά-

324 1041 485 1095 στου,
523 1021 626 1094 τὴν
661 1028 762 1077 τοῦ
799 1017 1183 1090 ἀγνοουμένου
1222 1019 1515 1092 ὁμοιότητα
1554 1025 1792 1095 σμικράν
1823 1046 1878 1080 τε
1910 1028 2001 1079 καὶ

267 1121 298 1161 Β
330 1105 574 1178 μεγάλην
594 1106 654 1159 ἐν
672 1114 784 1166 τοῖς
805 1101 990 1166 ἄλλοις
1011 1102 1460 1173 διαγιγνώσκειν;

464 1190 614 1241 ΦΑΙ.
665 1182 981 1239 Ἀδύνατον.

462 1272 586 1322 Σῼ.
647 1263 878 1321 Οὐκοῦν
902 1275 1013 1330 τοῖς
1032 1264 1180 1334 παρὰ
1199 1264 1264 1320 τὰ
1285 1264 1419 1320 ὄντα
1440 1267 1725 1333 δοξάζουσι
1745 1270 1833 1324 καὶ
1857 1267 2028 1324 ἀπα--

322 1353 584 1421 τωμένοις
615 1352 784 1418 δῆλον
816 1344 887 1410 ὡς
905 1345 964 1401 τό
987 1348 1171 1411 πάθος
1189 1354 1350 1402 τοῦτο
1374 1346 1447 1401 δι’
1472 1345 1813 1420 ὁμοιοτήτων
1830 1358 1999 1406 τινοῖν

323 1430 592 1503 εἰσερρύη.

463 1516 613 1568 ΦΑΙ.
667 1515 919 1578 Γίγνεται
936 1515 1079 1579 γοῦν
1099 1507 1286 1574 οὕτως.

461 1597 587 1648 ΣΩ.
633 1590 815 1645 Ἕστιν
845 1584 952 1645 οὖν
983 1589 1133 1655 ὅπως
1158 1590 1400 1661 τεχνικὸς
1436 1594 1585 1646 ἔσται
1621 1592 1997 1664 μεταβιβάζειν

322 1674 456 1730 κατὰ
480 1673 714 1744 σμικρὸν
731 1670 820 1728 διὰ
836 1679 949 1727 τῶν
966 1669 1304 1743 ὁμοιοτήτων
1321 1669 1427 1727 ἀπὸ
1447 1678 1547 1728 τοῦ
1563 1671 1995 1738 ὅντοςὲκάστοτε

322 1759 407 1812 ἐπὶ
426 1754 758 1811 τούναντίον
776 1753 1034 1825 ἀπάγων,
1065 1750 1102 1824 ἢ
1126 1752 1291 1819 αὐτὸς
1310 1761 1472 1810 τοῦτο
1493 1755 1842 1827 διαφεύγειν,
1874 1754 1902 1811 ὁ
1922 1755 1993 1827 μὴ
2024 1823 2028 1826 .

321 1834 630 1908 ἐγνωρικώς
651 1835 681 1891 ὂ
703 1839 848 1890 ἔστιν
863 1836 1095 1890 ἕκαστον
1117 1843 1230 1891 τῶν
1249 1835 1455 1900 ὅντωνς

463 1923 613 1973 ΦΑΙ.
673 1914 757 1972 Οὐ
777 1916 848 1986 μή
869 1935 1013 1971 ποτε.

266 2017 297 2059 G
465 2005 589 2056 253.
644 1997 847 2067 Λόγων
866 1997 972 2067 ἄρα
995 2001 1214 2069 τέχνην,
1253 1993 1299 2052 ὦ
1315 2000 1517 2068 ἑταῖρε,
1557 1997 1585 2054 ὃ
1606 2000 1705 2070 τήν
1722 1999 1992 2070 ἀλήθειαν
2012 2002 2018 2006 ’

321 2080 394 2153 μὴ
418 2081 601 2149 εἰδώς,
633 2081 793 2146 δόξας
814 2080 873 2134 δὲ
891 2080 1266 2150 τεθηρευκως,
1305 2085 1528 2150 γελοίαν
1546 2081 1697 2151 τινά,
1738 2077 1809 2144 ὡς
1829 2084 1988 2150 ἔοικε,

319 2165 410 2218 καὶ
429 2162 660 2233 ἄτεχνον
679 2164 977 2231 παρέξεται.

463 2251 610 2300 ΦΑΙ.
667 2243 1014 2299 Κινδυνεύει.

457 2331 612 2382 XLV
686 2331 809 2381 ΣΩ.
867 2325 1068 2380 Βούλει
1106 2318 1210 2380 οὖν
1250 2327 1309 2380 ἐν
1349 2331 1425 2399 τῷ
1470 2329 1682 2379 Λυσίου
1713 2324 1884 2398 λόγω,
1925 2320 1989 2378 ὃν
2023 2379 2028 2387 ,

318 2410 528 2478 φέρεις,
566 2409 656 2463 καὶ
687 2411 745 2463 ἐν
776 2403 855 2471 οἷς
883 2403 1036 2477 ἡμεῖς
1066 2414 1290 2476 εἴπομεν
1321 2409 1458 2462 ἰδεῖν
1485 2427 1535 2461 τι
1565 2427 1646 2460 ων
1667 2403 1898 2476 φαμὲν’
1867 2407 2028 2474 ατε-χ

317 2509 465 2559 χνων
483 2509 540 2542 τε
559 2491 648 2543 και
668 2491 934 2558 ἐντέχνων
954 2486 1114 2543 εἶναι·
1104 2530 1116 2550 ,

461 2576 610 2626 ΦΑΙ.
665 2570 903 2625 Πάντων
932 2572 997 2640 γε’
1022 2591 1131 2625 που
1169 2568 1427 2639 μάλιστα,
1470 2591 1542 2633 ως
1577 2574 1685 2622 νῦν
1720 2588 1782 2636 γε
1819 2573 1989 2631 ψιλως
2020 2579 2028 2611 i

317 2672 431 2717 πως
450 2653 707 2722 λέγομεν,
731 2650 833 2706 οὐκ
855 2655 1068 2721 ἔχοντες
1086 2652 1248 2706 ἱκανὰ
1269 2654 1690 2720 παραδείγματα.
2020 2669 2028 2712 3

458 2738 580 2788 252.
635 2735 743 2788 Καὶ
763 2733 872 2803 μὴν
891 2733 1026 2788 κατὰ
1046 2734 1217 2803 τύχην
1237 2736 1301 2802 γε’
1315 2755 1436 2787 τινα
1450 2774 1463 2799 ,
1497 2729 1568 2794 ὡς
1587 2735 1763 2785 ἔοικεν
1776 2770 1790 2796 ,
1824 2731 1984 2799 ἐρρη-

249 2822 284 2864 D
315 2815 496 2884 θήτην
529 2813 602 2869 τώ
635 2814 780 2883 λόγω
810 2816 996 2883 ἔχοντέ
1020 2836 1069 2868 τι
1098 2816 1467 2883 παράδειγμα,
1509 2810 1580 2874 ὡς
1608 2805 1679 2863 ἂν
1700 2806 1727 2863 ὁ
1749 2806 1906 2873 εἰδώς
1924 2807 1983 2862 τὸ
