2028 3198
222 187 326 238 204
827 188 1307 237 ΠΛΑΤΩΝΟΣ
1843 197 1899 242 66

222 321 369 385 ὅπως
390 321 630 389 δύναμαι
649 322 828 387 λέγειν
847 345 852 350 ·
893 317 967 384 ὥς
985 341 1078 390 μοι
1098 323 1276 386 δοκεῖς
1294 319 1366 376 σὺ
1387 320 1644 393 οὐδαμῶς
1664 345 1730 394 με
1750 321 1899 395 ἁφή-

222 420 365 474 σειν,
399 404 531 471 πρὶν
550 398 622 456 ἂν
642 410 776 457 εἰπω
795 399 949 472 ἁμοῖς
965 404 1033 471 γε’
1047 422 1178 468 πως.

359 502 483 553 Σῼ.
537 495 703 551 Πάνυ
720 494 825 566 γάρ
846 513 934 550 σοι
953 494 1137 567 ἀληθῆ
1160 502 1322 554 δοκῶ.

153 612 184 650 D
358 598 439 647 111.
515 597 664 647 ΦΑΙ.
726 587 945 646 Οὑτωσὶ
965 597 1158 650 τοίνυν
1176 592 1403 663 ποιήσω.
1457 598 1536 665 τῷ
1555 591 1676 649 ὄντι
1693 594 1824 666 γάρ,
1854 599 1895 650 ὠ

221 676 542 746 Σώκρατες,
582 671 789 738 παντὸς
818 679 1032 744 μᾶλλον
1065 673 1132 728 τά
1158 696 1220 744 γε
1239 674 1450 745 ῥήματα
1474 673 1577 730 οὐκ
1600 679 1895 747 ἐξέμαθον·

219 756 320 829 τὴν
349 759 535 828 μέντοι
570 755 826 811 διάνοιαν
846 755 1043 825 σχεδὸν
1063 753 1351 827 ἁπάντων,
1389 754 1470 822 οἷς
1489 762 1593 829 ἔφη
1617 761 1897 828 διαφέρειν

218 838 284 895 τὰ
304 846 403 895 τοῦ
425 843 659 909 ἐρῶντος
680 834 717 910 ἢ
735 836 802 894 τὰ
823 846 924 893 τοῦ
946 838 1045 909 μή,
1085 843 1144 895 ἐν
1163 846 1480 910 κεφαλαίοις
1501 843 1695 911 ἐφεξῆς
1716 845 1891 914 δίειμι,

218 922 521 994 ἀρξάμενος
540 921 647 978 ἀπὸ
667 928 770 977 τοῦ
788 922 1024 993 πρώτου.

359 1022 483 1072 ΣΩ.
536 1021 736 1082 Δείξας
763 1037 826 1086 γε
857 1022 1106 1086 πρῶτον,
1147 1010 1190 1071 ὦ
1221 1015 1474 1086 φιλότης,
1515 1023 1568 1071 τί
1597 1016 1704 1087 ἄρα
1733 1019 1796 1072 ἐν
1830 1025 1898 1089 τῇ

218 1098 480 1173 ἀριστερᾷ
508 1105 643 1170 ἔχεις
674 1097 781 1154 ὑπὸ
812 1104 887 1172 τῷ
918 1102 1126 1171 ίματίῳ.
1172 1099 1386 1165 τοπάζω
1415 1099 1522 1169 γάρ
1554 1115 1614 1155 σε
1641 1103 1783 1169 ἔχειν
1800 1098 1899 1155 τὸν

220 1181 388 1251 λόγον
425 1179 611 1237 αὐτόν.
668 1186 718 1236 εἰ
753 1181 810 1236 δὲ
849 1182 1014 1235 τοῦτό
1052 1183 1226 1252 ἐστιν,
1267 1179 1470 1237 οὑτωσὶ
1507 1186 1737 1236 διανοοῦ
1771 1183 1897 1251 περὶ

158 1279 190 1319 Ε
222 1264 385 1334 ἐμοῦ,
410 1261 482 1328 ὡς
499 1263 606 1334 ἐγώ
626 1281 685 1318 σε
705 1264 855 1318 πάνυ
875 1264 976 1333 μὲν
999 1270 1143 1332 φιλῶ
1155 1306 1169 1333 ,
1196 1264 1472 1334 παρόντος
1494 1263 1551 1319 δὲ
1574 1265 1663 1318 καὶ
1681 1267 1898 1318 Λυσίου

221 1345 458 1414 ἐμαυτόν
479 1362 567 1401 σοι
586 1349 885 1418 ἐμμελετᾷν
905 1350 1162 1416 παρέχειν
1183 1344 1249 1400 οὐ
1271 1346 1420 1401 πάνυ
1453 1348 1717 1402 δέδοκται.
1774 1343 1897 1401 ἀλλ’

220 1434 303 1483 ἴθι
317 1470 330 1496 ,
352 1431 584 1483 δείκνυε.

361 1526 512 1576 ΦΑΙ.
563 1528 736 1578 Παῦε.
778 1523 1147 1591 ἐκκέκρουκάς
1167 1543 1231 1592 με
1252 1523 1497 1589 ἐλπίδος,
1522 1514 1567 1574 ὦ
1584 1519 1895 1590 Σώκρατες,

219 1598 290 1671 ἣν
321 1599 467 1671 εἶχον
498 1605 558 1658 ἐν
579 1605 666 1659 σοὶ
686 1601 758 1669 ὡς
779 1604 1277 1675 ἐγγυμνασάμενος.
1331 1601 1469 1658 ἀλλὰ
1492 1607 1600 1657 ποῦ
1622 1600 1686 1672 δὴ
1710 1602 1898 1673 βούλει

218 1683 572 1753 καθιζόμενοι
591 1683 945 1757 ἀναγνῶμεν;

104 1789 191 1834 229
357 1782 480 1832 ΣΩ.
542 1779 718 1849 Δεῦρ’
749 1780 1145 1851 ἐκτραπόμενοι
1173 1780 1310 1837 κατὰ
1342 1781 1439 1836 τὸν
1453 1777 1682 1836 Ἰλισσόν
1712 1786 1897 1848 ἴωμεν,

222 1858 333 1915 εἶτα
352 1858 497 1915 ὅπου
516 1856 587 1915 ὄὶν
607 1861 738 1932 δόξῃ
757 1865 819 1916 ἐν
834 1861 1035 1934 ἡσυχίᾳ
1053 1865 1485 1933 καθιζησόμεθα.

362 1958 510 2009 ΦΑΙ.
568 1957 666 2017 Εἰς
695 1953 922 2025 καιρόν,
965 1951 1039 2018 ὡς
1070 1958 1274 2023 ἔοικεν,
1309 1954 1654 2024 ἀνυπόδητος
1674 1950 1753 2008 ὢν
1771 1959 1896 2008 ἔτυ-

221 2058 341 2117 χον·
381 2034 452 2090 σύ
481 2034 582 2106 μὲν
611 2034 718 2106 γὰρ
748 2035 815 2104 δὴ
847 2033 945 2091 ἀεί.
996 2037 1199 2108 ῥᾷστον
1230 2029 1336 2091 οῦν
1365 2032 1496 2106 ἡμῖν
1515 2032 1652 2090 κατὰ
1675 2033 1734 2088 τὸ
1757 2031 1896 2088 ὑδά-

219 2139 338 2173 τιον
357 2119 617 2189 βρέχουσι
636 2114 766 2181 τοὺς
785 2117 960 2181 πόδας
980 2121 1148 2188 ἰέναι,
1179 2119 1270 2173 καὶ
1293 2115 1397 2173 οὐκ
1418 2115 1606 2188 ἀηδές,
1645 2114 1822 2180 ἄλλως
1839 2137 1896 2171 τε

219 2201 309 2255 καὶ
330 2199 495 2272 τήνδε
514 2198 620 2272 τὴν
640 2197 794 2269 ὥραν
811 2206 914 2254 τοῦ
933 2204 1091 2264 ἔτους
1108 2221 1166 2255 τε
1186 2201 1276 2255 καὶ
1303 2206 1397 2270 τῆς
1415 2197 1633 2271 ἡμέρας,

362 2299 484 2349 Σῼ.
538 2293 760 2363 Πρόαγε
793 2293 891 2364 δή,
931 2295 1023 2349 καὶ
1052 2294 1245 2350 σκόπει
1275 2292 1387 2364 ἅμα
1420 2291 1566 2349 ὅπου
1599 2291 1897 2363 καθιζησό-

217 2383 379 2445 μεθα.

360 2461 509 2512 ΦΑΙ.
560 2454 724 2529 Ὁρᾷς
743 2451 850 2514 οὖν
868 2461 1084 2530 ἐκείνην
1102 2460 1203 2530 τὴν
1223 2457 1572 2530 ὑψηλοτάτην
1588 2458 1894 2521 πλάτανον;

357 2543 480 2593 Σῼι.
543 2543 612 2593 Τί
625 2540 764 2609 μήν,

152 2648 185 2687 B
360 2625 510 2675 ΦΑΙ.
561 2617 704 2676 Ἐκεῖ
719 2623 845 2676 σκιά
864 2621 914 2678 τ’
935 2625 1046 2679 ἐστὶ
1067 2624 1158 2678 καὶ
1177 2628 1397 2693 πνεῦμα
1415 2625 1653 2693 μέτριον,
1674 2621 1762 2675 καὶ
1785 2617 1894 2672 πόα

218 2707 547 2769 καθίζεσθαι
565 2699 602 2773 ἦ
621 2698 693 2756 ἂν
714 2705 1052 2774 βουλοίμεθα
1072 2711 1489 2775 κατακλιθῆναι.

359 2791 482 2840 ΣΩ.
535 2784 813 2855 Προάγοις
831 2785 917 2841 ἄν.

362 2872 510 2922 ΦΑΙ.
561 2869 704 2922 Εἰπέ
731 2889 848 2936 μοι,
891 2861 935 2922 ὦ
953 2869 1274 2937 Σώκρατες,
1316 2864 1419 2920 οὐκ
1448 2866 1677 2919 ἐνθένδε
1705 2866 1890 2929 μέντοι

2013 1500 2028 1570 2]

2013 1583 2028 1671 Ξ

2006 1677 2028 1727 ξ
