2028 3198
20 2460 62 2506 ἱ

229 0 248 12 v
341 29 350 37 ⁶
421 0 428 7 ·
461 0 466 4 v
486 0 985 36 v'xf*v⁸fi''75155“sss'’n;v·
1006 0 1098 33 fu.
1119 0 1130 3 ἡ
1169 0 1194 3 --
1288 0 1321 6 >⁷

750 165 1132 214 ΦΑΙΔΡΟΣ.
1670 160 1770 214 217

84 302 311 360 παιδικὰ
331 299 740 372 άνέξετααῆττω
764 299 822 353 δὲ
843 298 932 352 καὶ
955 295 1354 365 ὑποδεέστερον
1370 294 1454 353 ἀεὶ
1474 294 1777 367 ἀπεργάζε-

83 409 196 441 ται·
234 384 416 456 ἥττων
435 385 495 439 δὲ
514 378 735 453 ἀμαθὴς
754 386 965 447 σοφοῦ,
996 378 1174 443 δειλὸς
1193 377 1480 451 ἀνδρείου,
1502 377 1778 443 ἀδύνατος

87 471 261 522 εἰπεῖν
289 468 614 538 ῥητορικοῦ,
652 460 863 534 βραδὺς
892 459 1139 531 ἀγχίνου.
1171 462 1456 518 τοσούτων
1476 469 1668 518 κακῶν
1685 464 1778 519 καὶ

86 553 163 604 ἔτι
182 546 457 603 πλειόνων
474 544 610 602 κατὰ
631 544 734 616 τὴν
754 543 1008 599 διάνοιαν
1022 542 1260 615 ἐραστὴν
1281 546 1536 618 ἐρωμένῳ
1559 543 1776 616 ἀνάγκη

84 634 427 701 γιγνομένων
451 651 508 685 τε
529 631 620 684 καὶ
640 627 807 698 φύσει
827 625 1099 695 ἐνόντων,
1137 632 1250 680 τῶν
1277 627 1380 698 μὲν
1406 626 1670 698 ἥδεσθαι,
1708 627 1775 682 τοὶ

86 712 145 768 δὲ
194 713 659 782 παρασκευάζειν,
708 709 744 781 ἢ
783 712 1078 779 στέρεσθαι
1112 715 1215 763 τοῦ
1252 714 1563 780 παραυτίκα
1598 707 1774 780 ἡδέος.

85 793 375 865 φθονερὸν
394 792 460 865 δὴ
482 792 695 864 ἀνάγκη
714 791 868 860 εἶναι,
891 792 982 846 καὶ
1002 796 1225 846 πολλῶν
1243 794 1345 862 μὲν
1361 791 1547 847 ἄλλων
1566 808 1775 848 συνου-
1806 799 1841 840 Β

86 884 223 931 σιῶν
252 874 586 946 ἀπείργοντα
612 877 702 930 καὶ
732 873 1056 944 ῶφελίμων,
1096 871 1236 928 ὅθεν
1264 868 1336 927 ἀν
1370 872 1589 944 μάλιστ’
1631 872 1775 945 ἀνὴρ

83 967 356 1030 γίγνοιτο,
393 957 631 1029 μεγάλης
658 964 837 1012 αἴτιον
866 954 1006 1010 εἶναι
1037 955 1272 1027 βλάβης,
1311 961 1568 1027 μεγίστης
1598 959 1657 1011 δὲ
1682 962 1778 1028 τῆς

85 1039 224 1096 ὅθεν
249 1036 320 1095 ἀν
350 1040 770 1110 φρονιμώτατος
802 1046 899 1110 εἴη.
937 1044 1100 1093 τοῦτο
1143 1037 1200 1093 δὲ
1235 1034 1270 1109 ἡ
1306 1043 1435 1093 θεία
1473 1044 1778 1109 φιλοσοφία

83 1124 342 1194 τυγχάνει
372 1122 465 1192 ὅν,
505 1116 570 1193 ἧς
599 1119 837 1192 ἐραστὴν
856 1118 1082 1176 παιδικὰ
1103 1118 1317 1191 ἀνάγκη
1339 1121 1643 1192 πόρρωθεν
1662 1129 1777 1190 εἴρ-

86 1227 231 1274 γειν,
270 1210 579 1276 περίφοβον
607 1203 740 1259 ὄντα
772 1211 872 1259 τοῦ
902 1210 1425 1275 καταφρονηθῆναι·
1465 1206 1531 1259 τά
1560 1226 1618 1259 τε
1638 1202 1778 1259 ἄλλοι

85 1294 454 1358 μηχανᾶσθαι,
474 1286 624 1351 ὅπως
642 1282 714 1341 ἀν
735 1280 771 1358 ᾗ
793 1283 955 1341 πάντ’
978 1284 1201 1356 ἀγνοῶν
1222 1288 1313 1341 καὶ
1343 1283 1509 1342 πάντ’
1538 1285 1779 1358 ἀποβλέ-

6 1424 10 1426 .
86 1390 207 1424 πων
238 1374 314 1434 εἰς
342 1368 442 1425 τὸν
470 1369 735 1439 ἐραστήν,
776 1364 889 1432 οἷος
911 1364 990 1422 ῶν
1010 1375 1087 1441 τῷ
1107 1370 1208 1439 μὲν
1230 1367 1481 1439 ἥδιστος,
1522 1371 1700 1441 ἑαυτῷ
1719 1369 1779 1425 δὲ

84 1451 499 1523 βλαβερώτατος
527 1448 599 1505 ἂν
631 1459 729 1521 εἴη.
773 1450 837 1506 τὰ
859 1450 959 1522 μὲν
990 1445 1095 1505 οὖν
1128 1450 1265 1506 κατὰ
1286 1450 1539 1507 διάνοιαν
1558 1454 1777 1522 ἐπίτρο-

86 1533 188 1599 πός
217 1555 274 1588 τε
305 1534 397 1589 καὶ
419 1531 689 1598 κοινωνὸς
709 1532 927 1605 οὐδαμῇ
957 1532 1241 1604 λυσιτελὴς
1261 1531 1402 1604 ἀνὴρ
1424 1537 1563 1604 ἔχων
1582 1538 1773 1603 ἔρωτα.

226 1622 360 1672 xvl.
436 1616 551 1686 Τὴν
594 1617 651 1671 δὲ
692 1622 792 1670 τοῦ
829 1615 1078 1686 σώματος
1115 1617 1228 1681 ἕξιν
1261 1638 1318 1671 τε
1347 1618 1438 1672 καὶ
1468 1624 1776 1687 θεραπείαν

87 1704 209 1756 οἱάν
238 1722 293 1755 τε
325 1700 415 1755 καὶ
446 1696 519 1763 ῶς
549 1697 885 1767 θεραπεύσει
914 1689 983 1752 οὗ
1015 1693 1085 1752 ἀν
1105 1701 1327 1769 γένηται
1349 1698 1566 1770 κύριος,
1587 1696 1648 1765 ὃς
1665 1696 1775 1771 ἡδύ

87 1783 191 1849 πρὸ
226 1781 450 1850 ἀγαθοῦ
480 1779 820 1852 ἠνάγκασται
858 1780 1104 1850 διώκειν,
1149 1784 1233 1835 δεῖ
1260 1779 1395 1851 μετὰ
1425 1787 1599 1836 ταῦτα
1619 1785 1771 1836 ἰδεῖν.

87 1862 398 1934 ὀφθήσεται
417 1863 474 1919 δὲ
494 1863 791 1934 μαλθακόν
805 1886 926 1919 τινα
947 1864 1036 1919 καὶ
1056 1860 1125 1918 οὐ
1149 1863 1376 1931 στερεὸν
1397 1863 1636 1933 διώκων,
1657 1861 1777 1919 οὐδ’

0 1948 2 2006 ἱ
86 1949 147 2001 ἐν
183 1944 316 2019 ἡλίῳ
352 1954 585 2020 καθαρῷ
619 1950 1004 2018 τεθραμμένον
1041 1943 1165 2000 ἀλλ’
1198 1942 1306 2000 ὑπὸ
1340 1957 1600 2017 συμμιγεῖ
1629 1952 1775 2019 σκιᾷ,

11 2162 121 2457 ι

85 2027 273 2083 πόνων
293 2028 394 2098 μὲν
413 2025 686 2098 ἀνδρείων
715 2029 805 2084 καὶ
835 2029 1086 2097 ἱδρώτων
1106 2031 1288 2099 ξηρῶν
1306 2026 1567 2098 ἄπειρον,
1588 2031 1776 2099 ἔμπει-

85 2131 189 2179 ρον
214 2113 271 2165 δὲ
292 2108 505 2181 ἁπαλῆς
524 2114 614 2166 καὶ
634 2109 921 2180 ἀνάνδρου
940 2115 1148 2181 διαίτης
1161 2153 1175 2179 ,
1201 2109 1507 2181 ἀλλοτρίοις
1524 2108 1776 2180 χρώμασι

85 2194 176 2246 καὶ
197 2190 423 2263 κόσμοις
443 2194 590 2288 χήτει
610 2198 827 2249 οἰκείων
847 2193 1261 2263 κοσμούμενον,
1281 2192 1384 2248 ὅσα
1402 2213 1459 2247 τε
1480 2190 1622 2247 ἄλλα
1641 2192 1776 2247 τού-

84 2295 196 2337 τοις
216 2273 401 2329 ἒπεται
421 2274 600 2332 πάντα
620 2273 1072 2346 ἐπιτηδεύοντα,
1053 2299 1086 2330 α
1077 2275 1244 2346 δῆλα
1264 2277 1354 2331 καὶ
1379 2273 1483 2331 οὐκ
1503 2274 1658 2341 ἀξιον
1676 2294 1775 2330 πε-

86 2359 317 2425 ραιτέρω
338 2363 686 2428 προβαίνειν,
727 2355 850 2412 ἀλλ’
885 2361 948 2412 ἓν
978 2358 1283 2427 κεφάλαιον
1302 2355 1665 2430 ὁρισαμένους
1683 2354 1770 2414 ἐπ’

85 2438 220 2494 αλλο
253 2442 416 2494 ἰέναι·
456 2439 515 2494 τὸ
547 2439 654 2509 γάρ
685 2447 938 2495 τοιοῦτον
968 2447 1125 2511 σῶμα
1154 2442 1213 2495 ἐν
1244 2443 1464 2516 πολέμῳ
1485 2460 1542 2497 τε
1561 2441 1652 2496 καὶ
1672 2439 1775 2495 άλ-

40 2529 204 2598 ςλαις
223 2528 424 2591 χρείαις
448 2520 573 2578 ὅσαι
592 2523 824 2593 μεγάλαι
846 2545 896 2578 οι
887 2523 1017 2593 μὲν
1039 2525 1229 2594 ἐχθροὶ
1258 2528 1603 2594 θαρροῦσιν,
1642 2524 1698 2578 οί
1716 2521 1774 2577 δὲ

58 2611 236 2675 φίλοι
267 2607 356 2660 καὶ
387 2602 544 2659 αὐτοὶ
575 2609 632 2660 οί
657 2606 875 2673 ἐρασταὶ
905 2612 1229 2677 φοβοῦνται.
1267 2612 1431 2662 τοῦτο
1452 2608 1554 2676 μὲν
1574 2597 1678 2659 οὖν
1700 2603 1773 2668 ῶς

67 2689 254 2759 τδῆλον
276 2684 589 2755 ἐατέον,τό
614 2684 664 2741 δ’
689 2690 879 2756 ἐφεξῆς
900 2688 1122 2759 ρητέο,ν
1154 2694 1276 2744 τίνα
1294 2685 1426 2760 ἡμῖν
1449 2682 1774 2757 ὠφέλειαν”
1737 2709 1770 2757 η

1809 1458 1843 1500 0

16 2821 18 2827 .
74 2771 207 2825 diva
225 2769 440 2843 βλάβην
476 2771 596 2837 περὶ
618 2767 720 2840 τὴν
751 2767 992 2838 κτῆσιν
961 2792 995 2841 η
1027 2776 1127 2826 τοῦ
1147 2774 1384 2840 ἐρῶντος
1402 2766 1585 2840 ὁμιλία
1602 2789 1660 2823 τε
1680 2769 1770 2823 καὶ
1799 2782 1834 2823 E

17 2871 19 2890 1
79 2850 395 2919 ’δπιτροπειά
416 2853 715 2920 παρέξεται.
758 2853 928 2922 σαφὲς
948 2849 1015 2923 δὴ
1036 2853 1199 2908 τοῦτό
1230 2873 1290 2922 γε
1311 2853 1472 2906 παντὶ
1493 2853 1621 2921 μέν,
1661 2849 1768 2922 μά-
