2028 3198
330 133 433 186 150
933 132 1411 181 ΠΛΑΤΩΝΟΣ
1865 137 1867 139 ’
1957 144 2012 187 12

330 275 447 333 θῶς
478 268 535 323 δὲ
566 266 805 339 αἰσχρόν.
841 264 988 322 οὕτω
1019 264 1084 336 δὴ
1107 268 1197 321 καὶ
1226 264 1287 321 τὸ
1311 269 1446 338 ἐρᾷν
1464 268 1555 322 καὶ
1576 265 1604 322 ὁ
1623 267 1799 338 ’Έρως
1818 268 1887 325 ού
1906 276 2009 335 πᾶς

328 353 436 405 ἐστὶ
467 348 633 413 καλὸς
664 347 794 405 οὐδὲ
824 348 971 414 ἄξιος
990 347 1448 419 ἐγκωμιάζεσθαι,
1480 346 1600 404 ἀλλ’
1624 347 1653 405 ὁ
1674 357 1855 416 καλῶς
1872 371 2013 419 προ-

327 434 543 502 τρέπων
564 433 713 504 ἐρᾷν.

469 518 551 567 ΙΧ.
618 509 674 567 Ὁ
691 511 794 583 μὲν
810 504 916 566 οὖν
933 517 1029 583 τῆς
1049 510 1341 583 πανδήμου
1357 511 1677 584 Ἀφροδίτης
1697 511 1768 579 ὥς
1788 511 2012 586 ἀληθῶς

266 616 295 656 Β
329 593 613 665 πάνδημός
645 596 757 648 ἐστι
787 596 879 650 καὶ
912 594 1247 665 ἐξεργάζεται
1276 593 1309 649 δ’
1341 617 1390 650 τι
1421 589 1491 650 ἂν
1518 593 1680 667 τύχῃ·
1720 597 1810 651 καὶ
1849 589 2012 661 οὗτός

328 679 479 732 ἐστιν
509 674 575 732 ὃν
605 679 660 731 οἱ
685 683 894 746 φαῦλοι
921 683 1032 731 τῶν
1063 674 1385 746 ἀνθρώπων
1414 678 1628 745 ἐρῶσιν.
1669 678 1832 747 ἐρῶσι
1872 681 1930 732 δὲ
1959 680 2015 733 οἱ

329 765 569 815 τοιοῦτοι
587 766 808 830 πρῶτον
824 758 926 830 μὲν
946 756 1045 829 οὐχ
1064 751 1229 829 ἦττον
1247 753 1584 828 γυναικῶνῆ
1605 762 1818 813 παίδων
1830 802 1844 827 ,
1865 762 2011 814 ἕπει-

329 863 413 912 τα,
456 834 535 896 ὦν
564 842 655 897 καὶ
687 844 867 911 ἐρῶσι,
907 846 1020 895 τῶν
1049 840 1319 910 σωμάτων
1349 845 1560 910 μᾶλλον
1586 835 1621 911 ἢ
1650 845 1762 895 τῶν
1801 846 2006 911 ψυχῶν,

332 928 515 978 ἔπειτα
541 921 612 988 ὡς
632 918 703 978 ἂν
724 923 1000 978 δύνωνται
1021 920 1435 993 ἀνοητοτάτων,
1472 921 1609 991 πρὸς
1628 919 1688 976 τὸ
1710 922 1998 991 διαπράξα·

331 1013 469 1061 σθαι
498 1005 675 1076 μόνον
704 1007 1025 1076 βλέποντες,
1062 1003 1394 1075 ἀμελοῦντες
1424 1003 1482 1058 δὲ
1511 1009 1614 1057 τοῦ
1640 1009 1823 1067 καλῶς
1854 999 1888 1073 ἦ
1918 1003 2008 1073 μή.

329 1084 473 1141 ὅθεν
490 1083 555 1156 δὴ
578 1089 861 1157 ξυμβαίνει
881 1084 1083 1151 αὐτοῖς,
1106 1084 1137 1142 ὅ
1154 1107 1204 1140 τι
1223 1080 1293 1139 ἂν
1308 1083 1525 1154 τύχωσι,
1548 1090 1710 1140 τοῦτο
1731 1084 2007 1155 πράττειν,

330 1165 532 1239 ὁμοίως
556 1168 658 1238 μὲν
687 1165 933 1238 ἀγαθόν,
972 1164 1171 1237 ὁμοίως
1201 1168 1259 1221 δὲ
1282 1163 1626 1222 τούναντίον.
1664 1170 1776 1221 ἔστι
1794 1165 1898 1236 γὰρ
1921 1166 2009 1220 καὶ

272 1271 304 1313 c
333 1248 439 1306 ἀπὸ
468 1256 564 1321 τῆς
592 1254 734 1305 θεοῦ
766 1253 1035 1319 νεωτέρας
1054 1270 1110 1303 τε
1140 1247 1310 1319 οὔσης
1339 1243 1535 1318 πολύἦ
1564 1253 1659 1318 τῆς
1678 1248 1887 1318 ἑτέρας,
1921 1248 2008 1302 καὶ

329 1332 659 1403 μετεχούσης
688 1333 749 1386 έν
781 1337 844 1404 τῇ
875 1334 1085 1400 γενέσει
1113 1332 1203 1385 καὶ
1231 1330 1435 1400 θήλεος
1472 1332 1560 1385 καὶ
1597 1328 1844 1401 ἄρρενος.
1886 1327 1914 1386 ὁ
1953 1330 2008 1384 δὲ

329 1420 426 1484 τῆς
446 1411 708 1483 οὐρανίας
729 1419 950 1481 πρῶτον
977 1413 1079 1483 μὲν
1107 1409 1175 1467 οὐ
1194 1409 1522 1482 μετεχούσης
1540 1411 1743 1482 θήλεος
1760 1409 1883 1468 ἀλλ’
1907 1410 2009 1480 ἄρ-

333 1517 493 1564 ρενος
513 1495 690 1565 μόνον
704 1518 714 1527 ·
751 1497 840 1551 καὶ
865 1499 1012 1550 ἔστιν
1031 1486 1193 1557 οὗτος
1213 1491 1239 1547 ὁ
1263 1499 1375 1548 τῶν
1395 1496 1606 1547 παίδων
1626 1498 1762 1561 ἔρως
1776 1515 1786 1525 ·
1827 1498 2007 1548 ἔπειτα

331 1578 724 1648 πρεσβυτέρας,
747 1577 960 1648 ὕβρεως
979 1574 1240 1646 ἀμοίρου,
1262 1573 1402 1630 ὅθεν
1423 1573 1487 1645 δὴ
1513 1575 1597 1630 ε’πὶ
1616 1572 1676 1629 τὸ
1700 1573 1869 1646 ἄρρεν
1888 1577 2011 1644 τρέ-

332 1681 529 1715 πονται
549 1662 605 1714 οἱ
621 1662 677 1714 έκ
698 1659 900 1714 τούτου
927 1665 1029 1713 τοῦ
1058 1662 1257 1727 ἔρωτος
1286 1661 1531 1726 ἔπιπνοι,
1565 1654 1625 1711 τὸ
1650 1656 1815 1726 φύσει
1837 1659 2012 1726 ἐρρω-

332 1744 660 1811 μενέστερον
690 1743 781 1796 καὶ
808 1746 950 1796 νοῦν
978 1746 1192 1810 μᾶλλον
1222 1743 1346 1809 ἔχον
1375 1736 1709 1808 ἀγαπῶντες.
1735 1743 1830 1792 καί
1844 1760 1923 1802 τις
1942 1735 2012 1792 ἄν

332 1828 492 1893 γνοίη
516 1824 605 1877 καὶ
637 1825 699 1877 ἐν
727 1822 866 1894 αὐτῇ
895 1828 965 1894 τῇ
1002 1825 1356 1892 παιδεραστίᾳ
1390 1818 1520 1884 τοὺς
1558 1823 1864 1890 εἰλικρινῶς
1902 1817 2009 1874 ὑπὸ

264 1920 301 1975 D
327 1904 536 1976 τούτου
567 1910 667 1958 τοῦ
697 1908 895 1973 ἔρωτος
925 1901 1295 1972 ὡρμημένους.
1340 1899 1408 1955 οὐ
1443 1899 1551 1970 γὰρ
1586 1903 1749 1970 ἐρῶσι
1782 1905 2010 1970 παίδων,

335 1975 457 2042 ἀλλ’
495 1982 719 2040 ἐπειδὰν
732 1983 844 2055 ’ἤδη
876 1982 1148 2057 ἅρχωνται
1177 1988 1318 2036 νοῦν
1356 1989 1552 2051 ἴσχειν·
1591 1987 1754 2035 τοῦτο
1784 1982 1842 2037 δὲ
1873 1989 2012 2052 πλη-

334 2067 506 2135 σιείζει
523 2073 600 2141 τῷ
617 2064 974 2136 γενειάσκειν.
999 2066 1509 2134 παρεσκευασμένοι
1524 2061 1657 2132 γάρ,
1680 2060 1854 2133 οἶμαι,
1877 2065 2012 2118 εἰσὶν

334 2152 392 2205 οἱ
408 2151 674 2205 ἐντεῦθεν
703 2146 999 2218 ἀρχόμενοι
1030 2148 1165 2218 έρᾷν
1194 2141 1266 2209 ὦς
1285 2142 1386 2198 τὸν
1405 2149 1530 2214 βίον
1550 2141 1765 2198 ἅπαντα
1786 2145 2013 2208 ξυνεσό-

334 2251 491 2301 μενοι
510 2231 600 2285 καὶ
619 2236 778 2302 κοινῇ
799 2227 1264 2300 συμβιωσόμενοι,
1297 2223 1419 2280 ἀλλ’
1443 2223 1546 2280 οὐκ
1566 2225 2010 2296 ἐξαπατήσαντες,

336 2315 395 2367 ἐν
424 2310 718 2384 ἀφροσύνῃ
757 2311 1020 2382 λαβόντες
1060 2306 1131 2373 ὡς
1164 2310 1320 2376 νέον,
1360 2306 1826 2376 καταγελάσαντες
1861 2308 2014 2377 οἰχή-

337 2402 536 2448 σεσθαι
566 2391 648 2448 ἐπ’
683 2393 856 2449 ἄλλον
885 2390 1290 2461 ἀποτρέχοντες.
1328 2396 1466 2460 χρῆν
1495 2391 1553 2444 δὲ
1575 2390 1666 2445 καὶ
1684 2388 1859 2459 νόμον
1878 2386 2013 2443 εἶναι

274 2494 306 2535 Ε
337 2473 409 2546 μὴ
433 2477 567 2546 ἐρριζν
586 2479 826 2546 παίδων,
865 2479 958 2530 ἵνα
987 2472 1060 2545 μὴ
1087 2477 1162 2537 εἰς
1183 2470 1391 2542 ἄδηλον
1422 2469 1595 2541 πολλὴ
1632 2467 1844 2540 σπουδὴ
1877 2467 2005 2537 dmg-

335 2562 574 2614 λίσκετο·
614 2555 674 2612 τὸ
712 2556 818 2627 γὰρ
857 2563 971 2612 τῶν
1018 2559 1231 2611 παίδων
1265 2557 1419 2618 τέλος
1453 2553 1664 2624 ἄδηλον
1702 2547 1757 2607 οἶ
1788 2555 2008 2621 τελευτᾷ

337 2645 527 2704 κακίας
552 2640 641 2694 καὶ
673 2636 1073 2709 ἀρετῆςψυχῆς
1092 2659 1148 2692 τε
1178 2640 1299 2706 πέρι
1318 2637 1407 2692 καὶ
1430 2635 1691 2706 σώματος.
1716 2637 1770 2688 οἱ
1786 2636 1885 2704 μὲν
1908 2624 2000 2687 οὖν

337 2719 538 2793 ἀγαθοὶ
567 2718 666 2776 τόν
693 2720 869 2792 νόμον
885 2712 1089 2775 τοῦτον
1122 2718 1277 2775 αὐτοὶ
1300 2716 1483 2782 αὑτοῖς
1514 2716 1728 2780 ἑκόντες
1746 2720 2007 2785 τίθενται,

336 2809 473 2875 χρῆν
493 2805 552 2859 δὲ
580 2804 679 2859 καῖ
697 2802 928 2866 τούτους
957 2801 1086 2865 τοὺς
1106 2800 1426 2871 πανδήμους
1447 2794 1673 2869 ἐραστὰς
1693 2812 2004 2869 προσαναγ-

1996 2978 2028 3198 1
