2028 3198
295 150 402 202 330
642 152 1178 200 ΑΛΚΙΒΙΑΛΗΣ
1207 153 1651 202 ΔΕΥΤΕΡΟΣ.
1919 162 1977 206 60

299 284 544 347 τέκτονές
562 304 624 353 γε
645 282 775 339 οὐδὲ
792 284 1120 354 σκυτοτόμοι
1140 282 1263 339 οὐδ’
1284 283 1747 359 ἀνδριαντοποιοί,
1770 293 1824 343 οἳ
1841 288 1979 359 ξύμ-

297 367 495 429 παντές
516 371 618 420 εἰσι
640 369 978 436 δημιουργοί.

438 453 553 504 ΑΛ.
609 445 694 502 Οὐ
714 450 865 518 δῆτα.

437 534 560 583 ΣΩ.
618 527 812 592 Οὕτως
840 529 940 599 μὲν
968 535 1162 584 τοίνυν
1193 531 1284 585 καὶ
1306 531 1407 602 τὴν
1425 529 1755 604 ἀφροσύνην
1775 536 1976 604 διειλη-

298 609 464 680 φότες
501 614 628 680 είσί,
669 611 759 665 καὶ
789 608 919 674 τούς
948 609 1048 681 μὲν
1077 618 1334 666 πλεῖστον
1367 610 1535 683 αὐτῆς
1562 616 1725 683 μέρος
1754 618 1975 684 ἔχοντας

294 693 663 762 μαινομένους
693 698 998 762 καλοῦμεν,
1037 691 1167 757 τοὺς
1196 691 1249 747 δ’
1272 691 1460 763 ὀλίγον
1481 698 1705 751 ἔλαττον
1725 693 1974 767 ἠλιθίους

294 795 352 829 τε
372 777 462 829 καὶ
481 774 910 845 ἐμβροντήτους·
938 778 994 830 oc
1012 778 1071 829 δὲ
1091 777 1150 830 έν
1170 772 1569 846 εὐφημοτάτοις
1585 774 1818 847 ὀνόμασι
1836 775 1975 848 βου-

294 855 358 909 λό
362 877 518 925 μενοι
534 857 927 926 κατονομάζειν
943 857 999 911 οἱ
1013 856 1115 926 μὲν
1130 857 1566 928 μεγαλοψύχους,
1588 862 1645 913 οἱ
1657 859 1714 913 δὲ
1735 856 1971 929 εὐήθεις,

225 957 259 996 D
293 939 468 1007 ἕτεροι
499 937 557 993 δὲ
590 935 832 1004 ἀκάκους
863 940 952 993 καὶ
982 937 1244 1006 ἀπείρους
1271 939 1361 993 καὶ
1391 940 1604 1003 ε’νεούς·
1646 937 1894 1010 εὑρήσεις
1915 940 1973 995 δὲ

295 1019 385 1074 καὶ
420 1019 578 1087 ἕτερα
627 1018 801 1075 πολλοὶ
851 1018 1134 1091 άναζητῶν
1177 1018 1439 1090 ὀνόματα.
1489 1020 1666 1076 πάντα
1703 1023 1762 1077 δὲ
1798 1029 1970 1077 ταῦτα

294 1099 588 1171 ἀφροσύνη
621 1104 756 1171 ἐστί,
797 1105 1044 1172 διαφέρει
1078 1105 1163 1173 δέ,
1205 1101 1387 1172 ὥσπερ
1423 1103 1582 1173 τέχνη
1618 1107 1806 1175 τέχνης
1841 1100 1972 1175 ἡμῖν

294 1187 650 1251 κατεφαίνετο
670 1185 759 1238 καὶ
781 1184 946 1248 νόσος
966 1184 1163 1239 νόσου·
1187 1179 1221 1253 ἢ
1242 1189 1357 1247 πῶς
1377 1201 1463 1237 σοι
1486 1188 1640 1239 δοκεῖ
1647 1208 1658 1248 ;

434 1270 548 1319 ΑΛ.
602 1262 746 1333 Ἐμοὶ
766 1266 866 1334 μὲν
885 1263 1074 1329 οὕτως.

434 1352 517 1402 1V.
593 1351 715 1400 ΣΩ.
773 1343 1001 1401 Οὐκοῦν
1021 1343 1117 1401 ἀπ’
1139 1348 1354 1401 ἐκείνου
1373 1346 1543 1402 πάλιν
1560 1350 1967 1418 ἐπανέλθωμεν.

292 1421 362 1495 ἦν
379 1425 486 1497 γάρ
508 1426 688 1497 δήπου
710 1429 800 1482 καὶ
820 1430 878 1481 ἐν
899 1425 1037 1498 άρχῇ
1057 1434 1158 1482 τοῦ
1176 1427 1372 1498 λόγου,
1397 1429 1662 1484 σκεπτέον
1682 1428 1820 1484 εἶναι
1841 1427 1969 1494 τούς

293 1506 545 1577 ἄφρονάς
565 1531 621 1564 τε
642 1510 732 1564 καὶ
753 1513 1086 1579 φρονίμους,
1127 1514 1267 1573 τίνες
1296 1507 1419 1564 ποτ’
1455 1514 1607 1565 εἰσίν.
1650 1507 1965 1580 ὡμολόγητο
2020 1524 2022 1526 ’

291 1586 396 1658 γὰρ
418 1589 562 1645 εἶναί
574 1613 748 1655 τινας·
771 1585 805 1661 ἦ
825 1589 930 1661 γὰρ
951 1590 1045 1654 οὕς

434 1679 550 1727 ΑΛ.
606 1678 745 1743 Ναί,
770 1670 1129 1744 ὡμολόγηται.

231 1768 264 1808 Ε
434 1759 556 1809 Σῼ.
602 1748 718 1823 Ἆρ’
754 1749 857 1810 οὖν
884 1756 1114 1818 τούτους
1134 1760 1439 1825 φρονίμους
1463 1753 1894 1825 ὑπολαμβάνεις,
1917 1759 1972 1809 οἳ

293 1831 365 1890 ἂν
386 1839 605 1890 εἰδῶσιν
623 1835 756 1890 ἅττα
778 1841 862 1891 δεῖ
875 1838 1134 1906 πράττειν
1153 1838 1243 1892 καὶ
1261 1838 1468 1906 λέγειν;

434 1923 546 1973 ΑΛ.
585 1917 810 1987 ’Έγωγέ

431 2004 553 2054 Σῼ.
596 1997 876 2071 ’Ἀφρονας
905 1996 962 2054 δὲ
994 2003 1284 2068 ποτέρους;
1325 1992 1433 2068 ἆρά
1461 2019 1523 2067 γε
1552 1994 1682 2061 τοὺς
1699 2001 1964 2068 μηδέτερα

289 2081 503 2136 τούτων
524 2080 759 2144 εἰδότας-ς

431 2168 546 2218 ΑΛ.
613 2163 871 2226 Τούτους.

428 2250 552 2300 ΣΩ.
608 2243 838 2300 Ου’κοῦν
857 2247 912 2299 οἳ
929 2266 990 2313 γε
1010 2242 1081 2314 μὴ
1105 2242 1306 2307 εἰδότες
1325 2244 1593 2314 μηδέτερα
1620 2242 1835 2298 τούτων
1863 2242 1964 2313 λή-

288 2342 482 2382 σουσιν
503 2324 707 2390 αὑτοὺς
728 2328 817 2381 καὶ
836 2327 1087 2395 λέγοντες
1109 2328 1198 2381 καὶ
1218 2326 1550 2395 πράττοντες
1568 2322 1700 2380 ἅττα
1720 2323 1790 2394 μὴ
1815 2328 1918 2388 δεῖς

427 2414 544 2464 ΑΛ.
600 2414 873 2464 Φαίνεται.

428 2495 551 2546 ΣΩ.
613 2491 841 2546 Τούτων
860 2493 1046 2562 μέντοι
1066 2495 1282 2561 ἔλεγον,
1317 2483 1360 2544 ὦ
1388 2488 1724 2560 Ἀλκιβιάδη,
1755 2490 1843 2544 καὶ
1863 2485 1964 2543 τὸν

174 2588 256 2630 141
289 2575 560 2628 Οἰδίπουν
579 2570 717 2626 εἶναι
736 2578 849 2626 τῶν
878 2570 1225 2644 ἀνθρώπων·
1265 2569 1513 2641 εὑρήσεις
1543 2568 1593 2624 δ’
1628 2574 1704 2624 ε”τι
1733 2571 1823 2625 καὶ
1851 2575 1962 2623 τῶν

286 2661 393 2709 νῦν
412 2651 651 2718 πολλοὺς
671 2651 773 2708 οὐκ
797 2651 935 2725 ὀργῇ
957 2654 1350 2724 κεχρημένους,
1371 2651 1553 2719 ὥσπερ
1574 2654 1812 2720 ἐκεῖνον,
1835 2647 1959 2704 οὐδ’

286 2738 571 2804 οιομένους
590 2735 734 2790 κακά
754 2753 946 2803 σφισιν
966 2734 1244 2805 εὔχεσθαι,
1266 2732 1386 2789 ἀλλ’
1411 2731 1614 2802 ἀγαθά.
1635 2734 1841 2794 ἐκεῖνος
1860 2732 1959 2800 μὲν

286 2813 470 2883 ὥσπερ
502 2814 626 2871 οὐδ’
658 2814 883 2886 ηὔχετο,
923 2813 1048 2870 οὐδ’
1086 2814 1247 2885 ᾧέτο·
1286 2816 1460 2884 ἕτεροι
1491 2815 1554 2868 δέ
1578 2815 1721 2876 τινές
1750 2817 1887 2867 εἰσιν
1908 2819 1962 2867 οἳ
