2028 3198
294 135 396 188 100
883 102 1363 186 ΠΛΑΤΩΝΟΣ

432 276 556 326 ΣΩ.
609 275 707 334 Εἰς
735 270 799 325 δέ
832 290 894 339 γε
923 268 1028 339 τὴν
1055 267 1243 325 αὐτῶν
1271 270 1446 339 φύσιν
1475 269 1610 326 ὅταν
1629 279 1973 376 καθιστῆται,

290 355 496 424 ταύτην
534 347 608 408 αὖ
643 352 745 424 τὴν
791 353 1127 408 κατάστασιν
1162 350 1375 424 ἡδονὴν
1415 351 1800 426 ἀπεδεξάμεθα
1837 355 1966 429 παρ’

289 434 447 504 ἡμων
470 432 672 490 αὐτῶν.

430 521 600 570 ΠΡΩ.
650 513 877 585 Ὀρθως.

428 602 552 652 ΣΩ.
613 603 680 652 Τί
680 594 767 682 ’,δ’
799 596 935 652 όταν
955 599 1078 667 περὶ
1095 595 1156 653 τὸ
1181 615 1335 667 σωμα
1355 598 1527 668 μηδεν
1545 599 1760 653 τούτων
1779 599 1971 669 γιγνό-

286 699 457 749 μενον
477 676 636 749 ἡμων
665 672 727 749 ἧ;

432 766 600 816 ΠΡΩ.
654 761 801 816 Πότε
823 760 881 816 δε
901 758 1055 815 τοῦτ’
1077 755 1151 814 ἄν
1169 763 1400 829 γένοιτο,
1423 782 1465 814 ω
1487 760 1809 830 Σωκρατες;

225 852 257 891 Ε
428 846 552 898 ΣΩ.
612 840 796 897 Οὐδὲν
815 840 954 911 πρὸς
983 841 1153 910 λόγον
1184 844 1356 910 ἐστίν,
1400 834 1444 894 ὦ
1470 841 1796 911 Πρώταρχε,
1839 838 1868 896 ὃ
1899 842 1970 896 σύ

286 929 395 977 νῦν
412 922 554 993 ἤρου
572 921 632 978 τὸ
655 922 922 992 ἐρώτημα.

423 1009 595 1059 ΠΡΩ.
659 1004 836 1074 Τίδή;

426 1091 550 1142 ΣΩ.
602 1085 761 1140 Διότι
799 1085 901 1155 τὴν
939 1083 1079 1155 ἐμὴν
1110 1083 1378 1155 ἐρώτησιν
1408 1083 1476 1140 οὐ
1505 1085 1706 1141 κωλύει
1736 1085 1826 1156 ἐμὲ
1857 1090 1969 1141 ὄιε-

286 1170 485 1235 ρέσθαι
506 1184 567 1223 σε
589 1167 770 1222 πάλιν.

425 1255 595 1305 ΠΡΩ.
657 1254 863 1313 Ποίαν,

426 1336 550 1386 ΣΩ.
606 1336 679 1386 Εἰ
695 1329 747 1384 6⁷
770 1333 875 1384 ούν
896 1328 968 1400 μὴ
990 1334 1261 1399 γίγνοιτο,
1295 1322 1339 1384 ὦ
1356 1330 1673 1400 Πρώταρχε,
1695 1331 1884 1402 φήσω,
1906 1330 1966 1386 τὸ

283 1418 565 1480 τοιοῦτον,
595 1417 650 1465 τί
661 1430 796 1466 ποτε
817 1409 1119 1480 ἀναγκαῖον
1139 1413 1192 1476 ἐξ
1211 1407 1385 1465 αὐτοῦ
1407 1409 1776 1482 συμβαίνειν’
1750 1423 1907 1482 ημΐν;

422 1496 592 1546 ΠΡΩ.
631 1489 732 1562 Μὴ
755 1494 1090 1562 κινουμένου
1104 1498 1204 1547 τοῦ
1221 1492 1470 1562 σώματος
1483 1490 1562 1562 ἐφ’
1584 1493 1810 1563 ἑκάτερα
1832 1492 1968 1564 φῄς;

425 1579 550 1630 ΣΩ.
604 1571 810 1639 Οὕτως.

421 1661 592 1711 ΠΡΩ.
651 1663 845 1727 Δῆλον
883 1654 948 1728 δὴ
981 1657 1145 1712 τοῦτό
1176 1678 1265 1725 γε,
1305 1649 1348 1709 ὦ
1378 1655 1702 1726 Σώκρατες,
1742 1652 1813 1719 ὡς
1841 1653 1969 1710 οὔτε

281 1735 454 1808 ἡδονὴ
484 1737 718 1808 γίγνοιτ’
752 1734 823 1793 ἂν
852 1742 912 1794 ἐν
942 1746 1019 1811 τῷ
1046 1739 1278 1812 τοιούτῳ
1311 1737 1440 1793 ποτὲ
1460 1735 1580 1792 οὔτ’
1603 1735 1674 1791 ἄν
1697 1758 1776 1800 τις
1804 1736 1966 1807 λύπη.

199 1833 255 1876 43
423 1825 548 1874 ΣΩ.
603 1818 867 1874 Κάλλιστ’
890 1818 1048 1884 εἶπες.
1073 1818 1210 1875 ἄλλα
1233 1819 1368 1889 γάρ,
1407 1816 1584 1888 οἶμαι,
1617 1818 1744 1873 τόδε
1774 1822 1967 1888 λέγεις,

283 1898 356 1964 ὥς
377 1898 466 1955 ἀεί
492 1922 542 1955 τι
559 1900 774 1955 τούτων
794 1898 1100 1969 ἀναγκαῖον
1116 1900 1246 1971 ἡμῖν
1266 1905 1614 1970 ξυμβαίνειν,
1639 1897 1712 1964 ὡς
1731 1903 1787 1954 015
1804 1906 1972 1969 σοφοί

284 2001 456 2052 φασιν
472 2004 482 2015 ·
505 1981 588 2037 οέεὶ
607 1981 714 2053 γὰρ
735 1981 951 2041 ἅπαντα
972 1982 1089 2038 ἅνω
1114 2004 1172 2037 τε
1191 1983 1281 2037 καὶ
1300 1982 1448 2036 κάτω
1470 1983 1567 2052 ῥεῖ.

420 2069 592 2119 ΠΡΩ.
650 2066 891 2133 Λέγουσι
923 2062 1029 2133 γὰρ
1052 2057 1185 2132 οὖν,
1207 2066 1298 2118 καὶ
1321 2066 1555 2118 δοκοῦσι’
1569 2084 1631 2132 γε
1653 2062 1720 2116 οὐ
1741 2063 1969 2132 φαύλως

286 2147 480 2216 λέγειν.

423 2232 548 2282 ΣΩ.
607 2233 736 2291 Πῶς
769 2225 876 2297 γὰρ
907 2223 980 2282 ἄν
1007 2225 1080 2297 μὴ
1123 2231 1334 2297 φαῦλοί
1366 2248 1428 2297 γε
1466 2225 1646 2293 ὅντες;
1685 2225 1822 2282 ἀλλὰ
1861 2231 1966 2297 γὰρ

283 2306 625 2378 ὑπεκστῆναι
655 2307 756 2363 τὸν
794 2308 962 2378 λόγον
998 2309 1405 2380 ἐπιφερόμενον
1439 2314 1642 2364 τοῦτον
1677 2309 1963 2378 βούλομαι.

282 2387 402 2459 τῇδ’
425 2384 530 2444 οὖν
553 2393 880 2460 διανοοῦμαι
901 2389 1131 2460 φεύγειν
1147 2433 1160 2459 ,
1183 2393 1271 2446 καὶ
1293 2389 1364 2444 σύ
1385 2411 1478 2460 μοι
1498 2390 1795 2460 ξύμφευγε.

423 2476 593 2525 ΠΡΩ.
649 2473 790 2539 Λέγε
813 2470 938 2542 ὅπῃ,

424 2555 548 2608 ΣΩ.
608 2558 794 2606 Ταῦτα
824 2555 924 2622 μὲν
954 2557 1147 2608 τοίνυν
1185 2550 1360 2617 οὕτως
1398 2556 1561 2622 ἔστω,
1602 2559 1795 2624 φῶμεν
1831 2552 1966 2621 πρὸς

224 2647 254 2687 Β
286 2632 534 2702 τούτους,
558 2631 629 2687 σύ
650 2629 702 2687 6'
726 2630 1047 2703 ἀπόκριναι·
1069 2635 1307 2706 πότερον
1326 2632 1409 2691 ἀεὶ
1429 2635 1637 2704 πάντα,
1661 2633 1836 2690 ὁπόσα
1857 2634 1965 2690 ποῖ-

282 2732 397 2785 σχει
428 2737 479 2769 τι
507 2720 620 2770 τῶν
650 2714 938 2785 ἐμψύχων,
974 2714 1128 2771 ταῦτ’
1163 2716 1489 2772 αἰσθάνεται
1515 2715 1575 2771 τὸ
1598 2715 1835 2786 πάσχον,
1875 2720 1964 2772 καὶ

284 2794 408 2850 οὔτ’
444 2794 810 2868 αὐξανόμενοι
838 2798 1198 2869 λανθάνομεν
1226 2796 1370 2869 ἡμᾶς
1396 2795 1599 2862 αὐτοὺς
1619 2795 1743 2852 οὔτε
1771 2819 1819 2854 τι
1851 2804 1961 2852 τῶν
