2028 3198
309 101 413 194 io4
902 142 1393 192 ΠΛΑΤΩΝΟΣ
1436 95 1437 98 ¹

213 293 269 336 45
302 274 508 348 ἡδονὰς
529 274 921 346 άποβλεπτέον,
943 271 1063 328 ἀλλ’
1090 279 1166 339 εἰς
1184 274 1279 338 τοὶς
1295 272 1602 344 ἀκροτάτας
1621 277 1711 331 καὶ
1731 281 1974 347 σφοδρο-

299 360 464 422 τάτας
483 361 793 428 λεγομένας.

437 445 606 494 ΠΡῼ.
665 437 826 502 Πόις’
803 438 874 493 άν
895 455 983 493 σοι
1001 439 1175 509 ταύτῃ
1195 445 1504 511 συγχωροιή
1524 438 1588 495 τὰ
1617 446 1738 494 νῦν.

436 525 560 574 Σῼ.
612 513 727 588 Ἆρ’
761 513 866 575 οὖν
897 523 956 575 αἰ
981 521 1281 590 πρόχειροι,
1306 524 1464 590 αἴπερ
1487 524 1578 577 καὶ
1599 525 1860 621 μέγισται
1867 529 1976 576 τῶν

300 600 589 674 ἡδονῶν,“
557 625 585 657 ο
607 606 836 674 λέγομεν
855 603 1134 673 πολλάκις,
1155 607 1214 658 αἱ
1231 606 1354 671 περὶ
1373 602 1432 658 τὸ
1455 602 1611 673 σῶμά
1630 608 1768 658 εἰσιν
1786 606 1974 657 αὐται·
1961 645 1975 669 ,

437 690 606 740 ΠΡῼ.
661 691 791 749 Πῶς
810 686 916 754 γὰρ
939 685 1033 748 οὕς

439 773 561 823 ΣΩ.
618 769 870 837 Πότερον
906 761 1011 822 οὖν
1038 772 1253 837 μείζους
1285 770 1385 822 εἰσὶ
1413 770 1502 822 καὶ
1534 772 1816 836 γίγνονται
1853 769 1976 835 περὶ

299 848 430 913 τούς
452 850 764 918 κάμνοντας
784 851 843 902 ἐν
862 861 976 912 ταῖς
996 850 1183 912 νόσοις
1200 844 1237 919 ἦ
1257 851 1380 919 περὶ
1400 846 1779 918 ὑγιαίνοντας;
1812 846 1977 904 εὐλα-

295 937 563 1002 βηθῶμεν
596 931 672 1000 δέ,
707 929 779 1000 μὴ
801 938 1086 1000 προπετῶς
1106 929 1534 1002 ἀποκρινόμενοι
1553 935 1864 1002 πταίσωμέν
1884 951 1971 999 πῃ.

230 1027 263 1066 Β
296 1013 432 1084 τάχα
453 1011 559 1083 γὰρ
583 1021 712 1077 ἴσως
735 1025 939 1083 φαῖμεν
960 1010 1032 1067 ἂν
1052 1016 1175 1083 περὶ
1201 1012 1564 1083 ὑγιαίνοντας.

434 1100 604 1149 ΠΡῼ.
660 1095 827 1159 Εἰκός
846 1118 923 1165 γε.

435 1184 559 1233 ΣΩ.
626 1183 696 1233 Τί
719 1176 793 1245 δ’;
835 1179 935 1249 οὐχ
954 1174 1118 1235 αὗται
1137 1185 1250 1233 τῶν
1269 1176 1489 1249 ἡδονῶν
1509 1177 1972 1248 ὑπερβάλλουσιν,

296 1254 377 1316 ῶν
398 1257 468 1315 ὄίν
488 1262 578 1315 καὶ
598 1262 886 1330 ἐπιθυμίαι
907 1265 1153 1330 με’γισται
1173 1265 1607 1329 προγίγνωνται;

436 1347 605 1397 ΠΡΩ.
667 1348 842 1397 Τοῦτο
863 1342 964 1413 μὲν
984 1341 1201 1413 ἀληθές.

439 1430 562 1479 Σῼ.
617 1422 762 1479 Ἀλλ’
795 1422 896 1494 οὐχ
926 1428 982 1479 οἱ
1008 1427 1366 1492 πυρέττοντες
1393 1426 1484 1478 καὶ
1511 1425 1571 1478 ἐν
1588 1422 1855 1486 τοιούτοις
1877 1444 1975 1476 νο-

298 1507 537 1578 σήμασιν
556 1505 807 1576 ἐχόμενοι
828 1513 1040 1577 μᾶλλον
1060 1511 1260 1572 διψῶσι
1279 1509 1369 1561 καὶ
1390 1508 1605 1575 ῥιγοῦσι
1618 1547 1632 1575 ,
1666 1506 1755 1559 καὶ
1775 1505 1973 1572 πάντα,

298 1588 476 1644 ὁπόσα
519 1587 608 1643 διόι
649 1594 750 1644 τοῦ
790 1588 1042 1660 σώματος
1081 1589 1313 1645 εἰώθασι
1362 1588 1618 1657 πάσχειν,
1666 1586 1878 1656 μᾶλλόν
1922 1582 1971 1639 τ’

299 1674 481 1743 ἐνδείᾳ
511 1675 898 1740 ξυγγίγνονται
929 1674 1019 1727 καὶ
1050 1669 1562 1742 ἀποπληρουμένων
1592 1672 1804 1738 μείζους
1841 1665 1976 1737 ἡδο-

297 1752 397 1817 νὰς
419 1761 695 1822 ἴσχουσιν;
733 1749 769 1822 ἢ
792 1759 954 1808 τοῦτο
979 1751 1046 1807 οὐ
1068 1753 1316 1825 φήσομεν
1336 1751 1538 1823 ἀληθὲς
1558 1750 1723 1815 εἷναι;

236 1841 268 1880 C
436 1841 606 1890 ΠΡΩ.
661 1834 822 1890 Πάνυ
841 1836 942 1905 μὲν
965 1830 1070 1890 οὖν
1090 1842 1198 1889 νῦν
1218 1834 1393 1905 ῥηθὲν
1413 1839 1680 1904 φαίνεται.

438 1921 563 1971 Σῼ.
625 1922 694 1970 Τί
721 1911 851 1981 οὖν;
889 1915 1075 1987 ὀρθῶς
1094 1913 1164 1970 ἄν
1189 1921 1525 1984 φαινοίμεθα
1547 1918 1814 1983 λέγοντες,
1838 1910 1910 1976 ῶς
1931 1920 1976 1967 εἰ

300 2022 378 2064 τις
413 2000 509 2064 τὰς
540 2007 795 2070 μεγίστας
822 1997 1030 2070 ἡδονὰς
1061 2001 1198 2052 ἰδεῖν
1216 1997 1500 2068 βούλοιτο,
1543 1994 1645 2050 οὐκ
1670 1999 1743 2058 εἰς
1763 1992 1977 2062 ὑγίειαν

301 2080 425 2138 ἀλλ’
447 2087 523 2148 εἰς
542 2084 715 2139 νόσον
735 2082 919 2148 ἰόντας
943 2086 1027 2137 δεῖ
1043 2090 1300 2144 σκοπεῖν;
1322 2076 1426 2147 ὅρα
1446 2079 1531 2148 δέ,
1554 2077 1627 2147 μή
1648 2098 1712 2147 με
1730 2074 1837 2148 ἡγῇ
1857 2079 1977 2129 δια-

301 2165 614 2235 νοούμενον
645 2167 858 2238 ἐρωτᾷν
879 2183 957 2236 σε,
992 2168 1043 2218 εἰ
1057 2168 1224 2218 πλείω
1254 2166 1543 2231 χαίρουσιν
1572 2163 1627 2214 οἱ
1643 2158 1861 2229 σφόδρα
1881 2179 1978 2212 νο-

302 2254 531 2312 σοῦντες
559 2253 675 2303 τῶν
704 2246 1099 2319 ὑγιαινόντων,
1143 2242 1264 2300 ἀλλ’
1299 2251 1421 2298 οἴου
1453 2241 1690 2312 μέγεθός
1719 2261 1784 2310 με
1805 2244 1978 2308 ζητεῖν

300 2326 523 2399 ἡδονῆς,
544 2330 635 2384 καὶ
651 2328 712 2384 τὸ
735 2330 955 2401 σφόδρα
974 2329 1096 2398 περὶ·
1117 2333 1216 2382 τοῦ
1236 2326 1495 2381 τοιούτου
1516 2329 1625 2379 ποῦ
1646 2323 1775 2378 ποτὲ
1794 2329 1978 2391 γίγνε-

301 2432 388 2465 ται
419 2411 689 2466 ἑκάστοτε.
742 2417 939 2482 νοῆσαι
966 2410 1072 2481 γὰρ
1104 2413 1220 2465 δεῖν
1250 2407 1431 2478 φαμὲν
1458 2404 1652 2476 ἥντινα
1683 2404 1857 2475 φύσιν
1875 2407 1976 2473 ἔχει

302 2493 392 2546 καὶ
422 2497 543 2546 τίνα
574 2494 831 2560 λέγουσιν
863 2495 919 2547 οἱ
945 2493 1255 2562 φάσκοντες
1284 2490 1413 2562 μηδ’
1446 2489 1583 2544 εἶναι
1617 2486 1677 2543 τὸ
1719 2486 1980 2555 παράπαν

240 2586 272 2624 D
307 2570 495 2643 αὐτήν.

443 2659 614 2709 ΠΡΩ.
670 2651 827 2708 Ἀλλόι
850 2653 1086 2723 σχεδὸν
1064 2658 1261 2724 ε’πομαι
1280 2660 1354 2709 τῶ
1372 2654 1515 2726 λόγω
1538 2671 1656 2707 σου.

442 2743 669 2794 XXVIII.
743 2741 867 2790 ΣΩ.
933 2736 1106 2804 Τάχα,
1146 2738 1187 2790 ῶ
1208 2711 1534 2803 Πρῶταρχε,
1567 2730 1665 2800 οὐχ
1683 2724 1848 2800 ἦττον
1868 2733 1978 2783 δεί-

305 2823 424 2884 ξεις.
481 2817 778 2890 άπόκριναι
805 2818 940 2888 γάρ·
979 2821 1039 2872 ἐν
1061 2815 1217 2888 ὕβρει
1237 2821 1451 2887 μείζους
1471 2813 1697 2885 ἡδονάς,
1738 2810 1805 2866 οὐ
1826 2819 1978 2866 πλεί-
