2028 3198
0 0 518 108 ''Wvg‘uff-zffr·
540 0 585 19 «τ
615 0 722 25 (νῆ-’-
782 0 878 30 aar«
939 0 955 12 ’-
981 8 985 9 ff
1016 0 1021 4 ·
1055 0 1059 2 ’
1103 0 1115 4 -
1231 8 1234 9 ν

15 123 88 211 ’35
158 127 169 130 ”
255 118 258 121 “
610 151 1144 202 ΣΥΜΠοΣιοΝ.
1613 145 1713 200 173

30 297 172 362 ἔχειν
191 290 293 361 μὲν
311 290 512 345 ἕκαστα
530 286 747 342 τούτων
766 287 823 339 ἐν
843 290 920 358 τῷ
938 283 1174 356 παρόντι
1192 283 1406 355 άνάγκη
1423 281 1459 338 ἃ
1475 286 1712 354 ἔχουσιν,

34 374 134 429 ἐάν
159 393 217 427 τε
235 370 549 443 βούλωνται
567 366 667 424 ἐάν
685 388 743 422 τε
762 367 867 437 μή,
907 368 996 422 καὶ
1016 368 1219 423 τούτου
1240 389 1303 438 γε
1323 367 1393 438 δή
1415 386 1526 422 που
1545 370 1624 430 τίς
1643 360 1715 420 ὄίν

34 454 458 524 ἐπιθυμήσειενς
494 449 618 505 ἀλλ’
650 448 787 505 ὅταν
805 469 885 512 τις
905 451 1037 522 λέγῃ
1055 447 1140 504 ὅτι
1158 450 1266 519 ἐγω
1290 446 1559 519 ὑγιαίνων
1576 445 1717 519 βού-

34 545 195 607 λομαι
213 537 305 591 καὶ
323 531 595 604 ὑγιαίνειν
607 573 622 602 ,
642 534 733 586 καὶ
751 536 1014 586 πλουτῶν
1032 531 1307 603 βούλομαι
1326 533 1418 587 καὶ
1438 537 1714 599 πλουτεῖν,

33 622 123 675 καὶ
151 621 409 687 ἐπνθυμῶ
439 612 627 671 αὐτῶν
652 613 868 670 τούτων
887 611 923 667 ἃ
941 617 1043 684 ἔχω
1056 657 1071 684 ,
1110 623 1358 685 εἴποιμεν
1376 612 1448 669 ἂν
1466 612 1617 687 αὐτῷ
1634 612 1718 668 ὅτι

32 699 123 770 σύ,
143 694 187 755 ῶ
204 698 490 768 ἄνθρωπε,
513 703 755 752 πλοῦτον
771 698 1099 766 κεκτημένος
1114 700 1202 751 καὶ
1219 695 1433 766 ὑγίειαν
1447 699 1536 752 καὶ
1557 694 1717 767 ἰσχὺν
1747 702 1780 743 D

34 782 227 854 βούλει
257 783 347 836 καὶ
380 785 456 845 εἰς
486 779 586 834 τὸν
614 783 796 835 ἔπειτα
818 778 1024 848 χρόνον
1042 784 1214 833 ταῦτα
1233 784 1563 850 κεκτῆσθαι,
1601 780 1717 846 ἐπεὶ

32 869 59 920 ε’
65 889 94 920 ν
111 870 189 938 τῷ
210 885 270 934 γε
292 869 401 918 νῦν
418 861 677 930 παρόντι,
719 869 823 916 εἴτε
842 860 1033 931 βούλει
1054 867 1160 916 εἴτε
1188 860 1263 932 μή
1277 903 1291 931 ,
1331 865 1464 931 ἔχεις
1478 882 1488 894 ·
1524 862 1718 916 σκόπει

33 942 164 1015 οὖν,
203 944 339 1001 ὅταν
368 951 531 999 τοῦτο
563 944 751 1013 λέγῃς,
785 940 870 997 ὅτι
905 945 1162 1013 ἐπιθυμῶ
1179 949 1292 998 τῶν
1311 942 1631 1013 παρόντων,
1672 947 1722 997 εἰ

34 1028 169 1084 ἄλλο
198 1049 250 1083 τι
279 1030 451 1097 λέγεις
478 1023 515 1097 ἢ
545 1026 696 1094 τόδε,
738 1023 822 1080 ὅτι
852 1024 1126 1095 βούλομαι
1149 1022 1213 1079 τά
1233 1031 1342 1080 νῦν
1360 1024 1606 1096 παρόντα
1627 1027 1718 1079 καὶ

36 1116 111 1176 εἰς
151 1108 251 1165 τὸν
287 1110 470 1165 ἔπειτα
507 1108 715 1179 χρόνον
751 1118 1007 1177 παρεῖναι
1022 1129 1033 1139 ·
1074 1107 1208 1163 ἄλλο
1246 1130 1296 1162 τι
1325 1104 1592 1178 ὁμολογοῖ
1616 1105 1715 1171 ἄνς

36 1192 341 1264 Συμφάναι
373 1196 477 1261 ἔφη
507 1189 608 1246 τὸν
632 1188 941 1259 Ἀγάθωνα.
998 1194 1168 1245 εἰπεῖν
1197 1188 1264 1261 δὴ
1296 1188 1396 1245 τὸν
1425 1190 1715 1259 Σωκράτη,

37 1274 264 1331 Οὐκοῦν
279 1274 443 1329 τοῦτό
460 1271 504 1343 γ’
523 1274 671 1329 ἐστὶν
690 1274 908 1328 ἐκείνου
928 1275 1080 1344 ἐρᾷν,
1102 1270 1134 1329 ὂ
1154 1270 1311 1328 οὔπω
1329 1273 1549 1343 ἕτοιμον
1566 1269 1715 1344 αὐτῷ

35 1360 182 1413 ἐστὶν
201 1356 331 1412 οὐδὲ
350 1362 473 1427 ἔχει,
495 1354 556 1411 τὸ
575 1359 650 1419 εἰς
668 1355 766 1410 τόν
785 1359 969 1410 ἔπειτα
989 1354 1196 1424 χρόνον
1214 1361 1386 1410 ταῦτα
1407 1353 1547 1410 εἶναι
1567 1352 1717 1426 αὐτῷ

37 1441 319 1511 σωζόμενα
353 1438 438 1510 [τά
469 1444 576 1494 νῦν
597 1439 865 1507 παρόντα]
883 1462 895 1500 ;
932 1438 1097 1492 Πάνυ
1117 1458 1206 1507 γε,
1240 1435 1426 1507 φάναι.
1485 1437 1594 1492 Καὶ
1614 1430 1717 1491 οὖ-
1751 1447 1781 1486 E

35 1546 127 1589 τος
157 1523 265 1593 ἄρα
284 1524 374 1579 καὶ
393 1521 558 1587 ἄλλος
576 1529 682 1586 πᾶς
703 1520 729 1575 ὁ
753 1524 1044 1590 ἐπιθυμῶν
1063 1524 1163 1573 τοῦ
1182 1518 1254 1589 μὴ
1277 1521 1495 1589 ἑτοίμου
1514 1521 1715 1574 ἐπιθυ-

36 1617 125 1675 μεῖ
142 1607 232 1661 καὶ
251 1610 352 1660 τοῦ
372 1603 444 1675 μὴ
466 1604 770 1674 παρόντος,
809 1605 897 1658 καὶ
919 1599 950 1658 ὃ
968 1600 1040 1673 μὴ
1062 1606 1168 1672 ἔχει
1186 1603 1277 1657 καὶ
1297 1599 1330 1656 ὃ
1347 1599 1420 1672 μὴ
1443 1605 1591 1657 ἔστιν
1610 1597 1716 1655 αύ-

35 1686 128 1752 τός
158 1688 247 1743 καὶ
267 1679 340 1742 οὖ
357 1687 546 1757 ἐνδεής
565 1689 678 1742 ἐστι
691 1729 707 1757 ,
746 1683 954 1740 τοιαῦτ’
974 1684 1107 1740 ἅττα
1127 1686 1276 1740 ἐστὶν
1296 1677 1427 1755 ῶνὴ
1451 1686 1716 1754 ἐπιθυμία

37 1790 93 1824 τε
115 1769 206 1823 καὶ
225 1765 255 1823 ’ὁ
278 1772 415 1838 ἔρως
435 1770 607 1835 ἑστίνς
645 1769 808 1824 Πάνυ
827 1766 904 1838 γ’,
938 1773 1124 1824 εἰπεῖν.
1165 1765 1278 1823 Ἴθι
1295 1765 1364 1837 δή
1378 1808 1392 1835 ,
1423 1766 1598 1836 φάναι
1616 1765 1717 1820 τὸν

38 1849 309 1921 Σωκράτη
323 1891 337 1917 ,
357 1847 906 1921 ἆνομολογησῶμεθα
925 1849 990 1905 τὰ
1013 1851 1286 1921 εἰρημένα.
1344 1846 1478 1904 ἄλλο
1501 1868 1551 1902 τι
1569 1850 1717 1902 ἔστιν

39 1931 70 1989 ὁ
88 1932 260 2000 Ἐρως
290 1937 512 1999 πρῶτον
540 1932 641 2002 μὲν
669 1937 864 2000 τινῶν,
907 1936 1090 1987 ἔπειτα
1109 1931 1323 1986 τούτων
1344 1921 1424 1984 ῶν
1443 1924 1516 1983 ἂν
1535 1932 1715 1984 ἔνδεια

35 2021 182 2088 παρῇ
203 2013 356 2089 αὐτῷ
367 2039 379 2079 ;
414 2020 553 2086 Ναί,
597 2014 785 2085 φάναι.
837 2012 949 2070 Ἐπὶ
969 2012 1036 2085 δὴ
1059 2014 1274 2078 τούτοις
1304 2010 1710 2084 ἀναμνήσθητι,
1746 2030 1821 2077 201

36 2105 205 2154 τίνων
223 2103 446 2168 ἔφησθα
466 2101 526 2154 ἐν
544 2102 621 2172 τῷ
640 2098 786 2170 λόγῳ
810 2094 948 2152 εἶναι
969 2094 1286 2165 τόνἝρωτα
1301 2115 1312 2126 ·
1354 2100 1403 2150 εί
1422 2094 1479 2150 δὲ
1506 2092 1716 2172 βούλει,

39 2180 145 2252 ἐγώ
174 2197 234 2235 σε
266 2178 584 2251 άναμνήσω.
636 2178 784 2250 οἶμαι
810 2178 918 2249 γάρ
951 2195 1010 2232 σε
1040 2173 1247 2231 οὑτωσί
1262 2194 1376 2240 πως
1397 2178 1596 2243 εἰπεῖν,
1634 2172 1718 2231 ὅτι

44 2274 150 2326 τοῖς
180 2270 333 2327 θεοῖς
361 2263 778 2332 κατεσκευάσθη
808 2260 873 2316 τά
895 2259 1187 2331 πράγματα
1208 2255 1283 2312 δι’
1305 2262 1480 2328 ἔρωτα
1502 2262 1714 2313 καλῶν·

0 2369 11 2414 ,⁵
37 2349 280 2415 αἰσχρῶν
297 2344 404 2414 γάρ
424 2344 526 2401 οὐκ
548 2354 628 2416 εἰη
650 2350 803 2414 ἔρως.
842 2340 940 2411 οὐχ
961 2339 1170 2396 οὑτωσί
1185 2359 1299 2405 πως
1316 2343 1523 2410 ἔλεγες;
1541 2338 1718 2396 Εἶπον

36 2427 144 2497 γάρ
161 2468 174 2490 ,
214 2425 389 2494 φάναι
415 2424 516 2480 τὸν
539 2425 846 2496 Ἀγάθωνα.
906 2427 1011 2478 Καὶ
1049 2425 1297 2487 ἐπιεικῶς
1331 2443 1395 2493 γε
1434 2426 1629 2493 λέγεις,
1674 2417 1717 2478 ὦ

35 2509 231 2577 ἑταῖρε,
253 2507 426 2577 φάναι
443 2506 542 2563 τὸν
557 2508 853 2578 Σωκράτη·
882 2508 970 2562 καὶ
991 2509 1041 2561 εἰ
1060 2510 1220 2562 τοῦτο
1240 2502 1417 2571 οὕτως
1436 2509 1559 2576 ἔχει,
1581 2504 1716 2562 ἄλλο

35 2609 88 2645 τι
105 2586 134 2644 ὁ
147 2588 319 2657 Ἔρως
339 2588 579 2652 κάλλους
597 2585 670 2643 ἂν
689 2596 771 2659 εἴη
790 2592 943 2659 ἔρως,
966 2596 1190 2659 αἴσχους
1209 2586 1260 2643 δ’
1286 2585 1356 2644 οὔ
1367 2611 1382 2653 ;
1410 2585 1713 2659 Ὡμολόγει.

37 2668 269 2727 Οὐκοῦν
289 2668 660 2741 ὡμολόγηται,
698 2663 770 2726 οὗ
789 2670 976 2741 ἐνδεής
996 2672 1107 2726 ἐστι
1125 2670 1216 2726 καὶ
1235 2667 1307 2741 μὴ
1335 2673 1466 2740 ἔχει,
1506 2670 1709 2726 τούτου
1744 2690 1772 2730 Β

38 2752 200 2825 Ιρᾷν5
237 2758 372 2823 Ναί,
413 2758 597 2810 εἰπεῖν.
655 2751 870 2824 Ένδεῆς
888 2750 982 2823 ἄρ’
1004 2754 1115 2810 ἐστὶ
1136 2754 1228 2809 καὶ
1246 2750 1350 2809 οὐκ
1374 2756 1479 2822 ἔχει
1501 2749 1715 2824 ὁἜρως

39 2833 252 2900 κάλλος.
305 2833 541 2907 Ἀνάγκη
556 2877 569 2903 ,
611 2835 798 2903 φάναι.
862 2840 930 2891 Τι’
956 2838 1039 2897 <m
1075 2834 1137 2892 τό
1168 2837 1348 2900 ἐνδεὲς
1368 2835 1606 2901 κάλλους
1625 2838 1715 2893 καὶ
