2028 3198
1984 0 2028 112 ἀξ

1994 60 2003 74 .·’

1981 89 1987 91 -
1998 91 2012 98 e

336 122 439 175 268
950 126 1125 173 ΠΛΑ
1141 118 1426 174 ΤΩΝΟΣ
1547 172 1562 179 ,
1928 118 2028 225 13δ1

337 259 400 313 τό
429 278 485 311 τε
516 256 739 326 ἐναργὲς
768 253 906 312 εἶναι
936 260 1027 313 καὶ
1057 261 1244 314 τέλεον
1274 261 1365 315 καὶ
1395 258 1550 325 ἄξιον
1587 263 1857 331 σπουδῆς
1899 263 2028 321 &atvs

341 339 398 394 δὲ
417 359 478 392 το
487 360 549 402 υς
566 337 852 403 τοιούτους
879 339 1080 409 λόγους
1108 338 1282 396 αὐτοῦ
1289 345 1570 444 ι,λέγεσθαι
1583 337 1704 397 οἷον
1723 344 1859 405 υἱεῖς
1878 362 2028 411 γνη-

338 423 491 482 σίους
511 417 678 488 εἶναι,
718 425 941 488 πρῶτον
959 422 1060 491 μὲν
1079 419 1178 477 τόν
1196 424 1257 478 ἐν
1277 423 1478 497 ἑαυτῷ,
1515 421 1615 479 ἐὰν
1634 420 1882 494 εὑρεθεὶς
1901 424 2028 493 e’vfff„

263 516 294 557 B
336 503 519 554 ἔπειτα
555 508 611 555 εἴ
637 522 782 566 τινες
816 503 1020 558 τούτου
1055 509 1277 573 ἔκγονοί
1304 527 1363 560 τε
1399 506 1491 561 καὶ
1531 502 1763 576 ἀδελφοὶ
1800 503 1913 575 ἅμα
1949 506 2014 559 ἐν

340 580 593 636 ἄλλαισιν
613 580 799 638 α’λλων
820 594 1014 655 ψυχαῖς
1034 607 1134 639 κατ
1141 583 1334 650 ’ἀξίαν
1352 588 1655 657 ἐνέφυσαν·
1686 608 1817 651 τους
1837 586 1895 641 δὲ
1916 583 2017 639 ἄλ·-

341 669 471 727 λους
487 668 698 733 χαίρειν
718 667 827 720 ἐῶν
847 700 914 709 —
945 659 1110 731 οὗτος
1129 664 1231 722 δὲ’
1208 688 1234 720 ο
1259 673 1508 732 τοιοῦτος
1527 665 1667 739 ἀνὴρ
1688 667 2028 733 κινδυνεύει,

341 746 382 797 ὤ
406 747 638 844 Φαῖδρε,
670 744 808 801 εἶναι
828 742 948 803 οἷον
967 749 1072 818 ἐγώ
1089 769 1148 803 τε
1166 751 1256 804 καὶ
1279 747 1350 804 συ
1373 747 1650 820 εὐξαι’μεθ’
1679 745 1751 804 ὄῖν
1770 752 1834 804 σε’
1848 769 1906 804 τε
1928 746 2028 816 καὶ1

340 826 430 894 ἐμε
449 827 728 893 γενέσθαι.

490 911 642 962 ΦΑΙ.
701 911 1032 966 Πανταπασι
1070 911 1172 982 μὲν
1207 933 1312 967 ουν
1352 915 1521 982 ἔγωγε
1552 911 1824 983 βούλομαί
1851 930 1908 965 τε
1932 909 2022 964 καὶ

343 987 569 1058 εὔχομαι
589 987 623 1044 ὁὶ
642 997 827 1061 λέγεις.

481 1078 659 1129 LXIV.
734 1081 859 1130 ΣΩ.
921 1074 1151 1132 Οὐκοῦν
1178 1074 1284 1147 ἤδη
1309 1079 1602 1130 πεπαίσθω
1629 1079 1859 1145 μετρίως
1887 1070 2020 1143 ἡμῖν

342 1154 408 1208 τὰ
431 1155 554 1224 περὶ
576 1155 760 1225 λόγων
777 1177 787 1187 ·
810 1159 900 1213 καὶ
921 1158 993 1212 σύ
1013 1180 1070 1213 τε
1091 1158 1276 1214 ἐλθών
1299 1158 1469 1227 φράζε
1490 1162 1671 1230 Λυσία
1685 1199 1698 1225 ,
1722 1155 1804 1210 ὅτι
1822 1153 1901 1228 νςὸ
1919 1177 2021 1210 κα-

343 1236 578 1307 ταβάντε
601 1242 675 1302 εἰς
695 1236 756 1293 τό
777 1245 1040 1311 Νυμφῶν
1068 1239 1218 1311 υᾶμοέ
1238 1261 1295 1294 τε
1315 1241 1404 1295 καὶ
1424 1250 1685 1310 μουσεῖον
1702 1236 2026 1310 ἠκούσαμεν,

273 1331 305 1374 C
345 1318 554 1389 λόγων,
605 1325 660 1375 οἳ
685 1323 1008 1378 ἐπέστελλον
1047 1325 1225 1393 λέγειν
1252 1327 1434 1395 Λυσίᾳ
1462 1344 1519 1377 τε
1549 1323 1640 1378 καὶ
1669 1329 1823 1385 εἴτις
1857 1319 2028 1386 ἄλλος

348 1406 645 1472 συντίθησι
700 1402 931 1477 λόγους,
986 1406 1076 1460 καὶ
1118 1403 1333 1478 Ὁμήρῳ
1381 1405 1470 1459 καὶ
1516 1411 1572 1459 εἴ
1608 1425 1687 1467 τις
1734 1401 1900 1467 ἄλλος
1951 1395 2028 1456 αὖ

347 1489 570 1554 ποίησιν
598 1484 766 1556 ψιλὴν
793 1482 830 1557 ἦ
866 1488 927 1541 ἐν
956 1484 1070 1560 ςόδῇ
1097 1490 1446 1556 συντέθεικε,
1500 1490 1685 1556 τρίτον
1714 1486 1773 1540 δὲ
1802 1483 2028 1545 Σόλωνα

349 1567 439 1621 καὶ
475 1565 625 1632 ὅστις
660 1570 722 1623 ἐν
757 1576 1052 1634 πολιτικοῖς
1087 1569 1274 1640 λόγοις
1309 1569 1518 1639 νόμους
1563 1566 1852 1637 ὀνομάζων
1889 1581 1995 1635 συγ
2014 1558 2028 1622 ,⁴

271 1653 274 1657 ’
348 1670 642 1719 γραμματα
671 1654 935 1720 ἔγραψεν·
986 1657 1035 1708 εἰ
1060 1675 1160 1724 μεν
1192 1651 1348 1716 εἰδώς
1379 1644 1417 1723 ᾗ
1442 1649 1503 1706 τὸ
1536 1647 1740 1720 ἄληθες
1761 1653 1867 1719 ἔχει
1886 1665 1993 1702 συν

351 1735 520 1801 ἔθηκε
550 1739 747 1803 ταῦτα,
786 1734 879 1789 καὶ
916 1738 1055 1805 ἔχων
1092 1740 1354 1806 βοηθεῖν,
1392 1737 1467 1797 εἰς
1504 1736 1725 1802 ἔλεγχον
1762 1729 1864 1786 ίων
1901 1751 2002 1799 περ

353 1816 431 1867 ὠν
469 1819 699 1885 ὲγραψε,
759 1818 850 1872 καὶ
885 1820 1061 1886 λέγων
1095 1814 1264 1880 αὐτὸς
1301 1812 1535 1879 δυνατὸς
1572 1813 1639 1869 τὰ
1675 1814 1989 1884 γεγραμμέν

351 1901 539 1964 φαῦλα
575 1893 888 1967 αποδεῖξαι,
946 1897 1018 1952 οὔ
1061 1919 1112 1951 τι
1148 1900 1325 1951 τωνδε
1361 1900 1679 1966 ἐπωνυμίαν
1715 1899 1908 1965 ἔχοντα
1946 1897 2005 1948 δε

279 1994 314 2034 D
349 1980 608 2046 λέγεσθαι
643 1977 743 2034 τὸν
782 1985 1063 2048 τοιοῦτον,
1101 1976 1212 2032 ἀλλ’
1255 1974 1347 2045 ἐφ’
1387 1974 1467 2040 οἷς
1504 1976 1848 2032 ἐσπούδακεν
1887 1971 2028 2030 ἐκεί-ἕ

353 2081 482 2114 νων.

495 2147 644 2197 ΦΑΙ.
706 2146 870 2206 Τίνας
889 2135 994 2197 οὖν
1013 2139 1108 2206 τοὶς
1129 2143 1442 2210 ἐπωνυμίας
1462 2138 1612 2213 αὐτῷ
1630 2141 1838 2210 νέμεις;

493 2228 617 2279 ΣΩ.
677 2222 751 2278 T&
773 2227 876 2294 μὲν
894 2224 1103 2295 σοφόν,
1143 2217 1187 2279 ὦ
1208 2226 1441 2293 Φαῖδρε,
1482 2228 1670 2276 καλεῖν
1690 2225 1874 2292 ἔμοιγε
1893 2222 2028 2290 μέγα

357 2307 496 2361 εἶναι
519 2309 674 2360 δοκεῖ
695 2308 786 2360 καὶ
816 2313 937 2380 θεῷ
963 2306 1118 2379 μόνῳ
1150 2306 1405 2376 πρέπειν·
1440 2300 1500 2358 τὸ
1522 2299 1633 2374 δὲῆ
1659 2300 1971 2373 φιλόσοφον

353 2388 610 2443 τοιοῦτόν
640 2409 691 2442 τι
720 2386 931 2458 μᾶλλόν
956 2409 1012 2442 τε
1035 2384 1108 2441 ἂν
1130 2386 1281 2460 αὐτῷ
1308 2383 1567 2456 ἁρμόττοι
1590 2387 1680 2440 καὶ
1710 2385 2004 2454 ἐμμελεστέ

355 2491 462 2537 ρως
483 2473 604 2538 ἔχοι.

497 2556 644 2606 ΦΑΙ.
704 2552 813 2606 Καὶ
834 2549 1003 2606 οὐδέν
1019 2572 1081 2620 γε
1102 2549 1208 2606 ἄπο
1229 2549 1458 2619 τρόπου.

495 2637 620 2688 ΣΩ.
674 2630 901 2687 Ουκοῦν
930 2655 1002 2686 αυ
1030 2630 1130 2687 τὸν
1148 2630 1220 2703 μὴ
1242 2637 1433 2703 ἔχοντα
1454 2629 1744 2702 τιμιώτερα
1764 2649 1843 2681 ων
1863 2627 2001 2681 συνέ

355 2724 536 2784 θηκεν
554 2711 589 2785 ἢ
613 2718 855 2784 ἔγραψεν
876 2713 992 2769 ἄνω
1014 2714 1163 2769 κάτω
1186 2715 1443 2783 στρέφων
1461 2715 1521 2768 ἐν
1538 2710 1746 2781 χρόνῳ,
1775 2710 1912 2774 πρὸς
1932 2707 2000 2763 ἄλ
