2028 3198
765 126 1167 175 ΦΙΛΗΒΟΣ.
1736 126 1804 179 55

118 261 291 320 ὁπόσα
324 258 392 334 δὴ
422 259 535 317 κατ’
565 257 735 332 α’ρχάς
763 258 871 328 ε’γώ
893 262 1131 329 θέμενος
1149 258 1308 316 εἷπον
1326 258 1576 331 ἀγαθόν,
1607 264 1805 331 διερω-

116 347 361 418 τώμενος
379 342 415 399 ὅ
431 348 489 400 τί
500 342 637 398 ποτέ
652 342 767 396 ἐστι
786 339 1067 411 τάγαθόν,
1102 335 1184 411 ἆρ’
1205 338 1276 397 οὐ
1295 340 1502 398 ταύτὸν
1520 350 1804 398 πείσονται

116 435 281 486 τοῦτο
312 426 451 495 ὅπερ
478 422 508 479 ὁ
542 422 639 488 ‹565-
666 422 858 494 λόγοςς

255 513 425 565 ΠΡΩ.
464 511 623 571 Πῶς;

256 595 381 646 Σ-ῼ.
421 591 639 643 Πολλαί
651 606 710 640 τε
732 588 793 640 αἱ
806 589 1118 651 ξυναπασαι
1136 589 1428 659 ἐπιστῆμαι
1447 589 1707 654 δόξουσιν
1727 588 1804 645 εῖ-

116 695 207 728 ναι
223 673 314 727 καὶ
333 669 594 740 ἆνόμοιοί
606 689 753 731 τινες
772 665 962 723 αὐτῶν
977 664 1239 739 ἀλλήλαις
1253 689 1265 700 ·
1303 673 1354 723 εί
1371 669 1539 725 δὲκαὶ
1559 673 1805 725 ἐναντίαι

116 776 193 826 πῃ
222 757 513 824 γίγνονταί
540 771 710 820 τινες,
752 743 861 815 ἆρα
895 748 1043 815 α’ξιος
1073 745 1146 804 ἂν
1174 758 1293 820 εἵην
1321 756 1423 806 τοῦ
1454 754 1806 820 διαλέγεσθαι

117 842 254 906 νῦν,
291 841 343 892 εί
369 834 640 906 φοβηθεὶς
668 838 832 886 τοῦτο
868 829 1003 886 αὐτὸ
1034 834 1307 902 μηδεμίαν
1336 829 1606 903 ανόμοιον
1633 855 1804 904 φαιην

115 917 420 988 ἐπιστήμην
454 918 723 986 ἐπιστήμῃ
761 919 1082 984 γίγνεσθαι,
1136 911 1366 969 κᾶπειθ’
1403 912 1536 986 ἡμῖν
1576 906 1738 980 οὗτος
1775 910 1802 970 ὁ

114 998 278 1069 λόγος
304 1015 490 1068 ωσπερ
518 1003 703 1068 μῦθος
725 994 1068 1067 ἀπολόμενος
1088 1004 1289 1067 οἴχοιτο
1302 1039 1318 1066 ,
1356 994 1516 1053 αὐτοὶ
1534 996 1593 1052 δε
1613 1002 1805 1063 σωζοί-

115 1090 263 1153 μεθα
292 1084 387 1137 ἐπί
404 1101 553 1144 τινος
582 1077 833 1149 &lorias-3

254 1167 429 1217 ΠΡΩ.
478 1159 617 1217 Ἀλλ’
649 1159 718 1216 οὐ
748 1183 860 1232 μην
890 1166 977 1218 δεῖ
998 1170 1163 1218 τοῦτο
1193 1170 1487 1234 γενεσθαι,
1526 1169 1672 1233 πλην
1703 1167 1803 1217 τοῦ

117 1251 395 1315 σωθῆναι.
432 1243 498 1299 τό
527 1265 590 1312 γε
623 1242 734 1314 μήν
763 1266 857 1314 μοι
877 1252 1000 1300 ἴσον
1022 1251 1123 1300 τοῦ
1153 1250 1257 1300 σοῦ
1276 1266 1334 1299 τε
1356 1246 1448 1299 καὶ
1468 1246 1604 1315 ἐμοῦ
1632 1244 1804 1314 λόγου

118 1324 337 1394 ἀρέσκει
351 1347 363 1357 ·
383 1326 581 1380 πολλαὶ
599 1327 702 1395 μὲν
719 1323 915 1395 ἡδοναὶ
931 1327 1021 1382 καὶ
1041 1323 1293 1396 ἀνόμοιοι
1309 1328 1644 1398 γιγνέσθων,
1667 1333 1806 1381 πολ-

119 1408 201 1462 λαὶ
223 1406 282 1463 δὲ
300 1409 590 1477 ἐπιστῆμαι
607 1408 699 1462 καὶ
721 1407 981 1477 διάφοροι

255 1492 382 1543 ΣΩ.
445 1487 557 1559 Τὴν
585 1494 781 1543 τοίνυν
816 1493 1219 1559 διαφοροτητα,
1261 1482 1309 1544 αἶ
1335 1489 1665 1559 Πρώταρχε,
1706 1496 1807 1543 τοῦ

114 1569 339 1640 ἀγαθοῦ
360 1575 462 1624 τοῦ
482 1592 512 1624 τ
518 1566 689 1641 ’ἐμοῦ
709 1572 800 1627 καὶ
819 1578 922 1626 τοῦ
941 1577 1046 1626 σοῦ
1062 1569 1135 1642 μὴ
1159 1568 1670 1642 αποκρυπτόμενοι,
1703 1593 1805 1626 κα-

115 1654 431 1715 τατιθέντες
450 1651 508 1707 δὲ
529 1656 606 1716 είς
622 1652 683 1707 τὸ
707 1653 905 1723 μέσον,
939 1659 1245 1724 τολμωμεν,
1268 1651 1339 1707 ἄν
1358 1673 1434 1725 πῃ
1455 1652 1806 1723 ἐλεγχόμεναι

116 1734 433 1805 μηνύσωσι,
465 1733 703 1801 πότερον
724 1732 939 1805 ἡδονὴν
956 1733 1210 1805 τάγαθὸν
1235 1738 1320 1789 δεῖ
1336 1731 1571 1805 λέγεινὴ
1590 1734 1807 1804 φρόνη-

116 1833 210 1871 σιν
225 1811 263 1886 ἦ
281 1821 468 1883 τρίτον
486 1815 621 1871 ἄλλο
643 1814 783 1871 εἶναι
797 1861 808 1870 .
844 1823 955 1870 νῦν
978 1814 1086 1887 γὰρ
1108 1814 1177 1872 οὐ
1197 1816 1379 1888 δήπου
1410 1817 1549 1886 πρός
1575 1839 1638 1887 γε
1668 1814 1803 1872 αὐτὸ

113 1901 278 1953 τοῦτο
311 1902 767 1967 φιλονεικοῦμεν,
798 1896 949 1963 ὅπως
968 1895 1085 1968 ἁγὼ
1105 1904 1353 1969 τίθεμαι,
1385 1895 1541 1954 ταῦτ’
1566 1903 1718 1954 ἔσται
1737 1897 1803 1954 τὰ

114 1985 385 2046 νικῶντα,
424 1976 461 2049 ἦ
486 1979 660 2034 ταῦθ’
683 1977 720 2034 ὁὶ
740 1979 839 2050 σύ,
870 1987 948 2054 τῷ
968 1979 1021 2035 δ’
1043 1978 1401 2055 ἄληθεστάτῳ
1425 1984 1514 2036 δεῖ
1525 2000 1637 2036 που
1660 1998 1805 2051 συμ-

31 2087 36 2091 ·
114 2070 308 2133 μακεῖν
335 2057 475 2130 ἡμᾶς
503 2058 686 2131 ἄμφω-

27 2166 36 2188 ··
254 2147 427 2198 ΠΡΩ.
472 2149 583 2197 Δεῖ
603 2140 710 2213 γὰρ
738 2136 858 2199 οὖν.

1842 756 1890 799 14

256 2228 319 2279 V.
373 2229 498 2281 ΣΩ.
562 2230 779 2279 Τοῦτον
813 2231 1007 2281 τοίνυν
1040 2248 1142 2281 τον
1176 2225 1348 2296 λόγον
1384 2228 1461 2280 ἔτι
1489 2231 1704 2296 μᾶλλον
1735 2221 1800 2280 δι’
1830 2238 1860 2280 C

20 2313 29 2376 ff
58 2305 73 2322 ‘
115 2301 410 2376 ὁμολογίας
445 2306 901 2377 βεβαιωσώμεθα.

258 2393 428 2442 ΠΡΩ.
480 2387 593 2442 Τὸν
620 2399 783 2443 ποῖον
814 2389 910 2459 δή;

259 2473 384 2523 ΣΩ.
464 2467 578 2524 Τὸν
614 2475 748 2523 πᾶσι
789 2472 1097 2540 παρέχοντα
1145 2467 1466 2542 ἀνθρώποις
1509 2469 1802 2543 πράγματα

28 2572 35 2577 ·
118 2549 316 2606 ἑκοῦσί
328 2572 383 2605 τε
406 2551 495 2606 καὶ
516 2547 751 2605 ἄκουσιν
773 2553 937 2615 ἐνίοις
955 2552 1045 2607 καὶ
1064 2554 1254 2608 ἐνίοτε.

257 2636 429 2687 ΠΡΩ.
486 2634 621 2700 Λέγε
654 2634 1013 2701 σαφέστερον.

256 2717 382 2769 ΣΩ.
431 2711 543 2768 Τόν
563 2721 670 2768 νῦν
689 2712 756 2784 δὴ
775 2715 1166 2784 παραπεσόντα
1187 2720 1355 2788 λέγω,
1378 2716 1547 2787 φύσει
1569 2736 1683 2780 πως
1704 2736 1804 2771 πε-

118 2794 336 2861 φυκότα
365 2795 722 2864 θαυμαστόν.
758 2797 821 2851 ἓν
849 2794 958 2862 γὰρ
988 2798 1054 2862 δὴ
1084 2796 1150 2853 τὰ
1179 2797 1355 2854 πολλὰ
1381 2797 1518 2853 εἶναι
1550 2799 1638 2852 καὶ
1658 2795 1718 2852 τὸ
1741 2800 1803 2853 ἓν
