2028 3198
585 322 1302 400 ΑΛΚῙΒῙΑΛΗΣ

266 449 334 535 [ἦ
368 457 500 534 περὶ
533 452 862 531 ἀνθρώπου
908 456 1183 530 φύσεως,
1229 446 1609 527 μαιευτικός]
1685 452 1694 459 ’

423 667 518 717 TA
544 664 1079 715 TOYAIAAOPOY
1106 662 1454 711 ΠΡΟΣΩΠΑ

354 765 898 834 ΣΩΚΡΑΤΗΣ,
931 763 1522 818 ΑΛΚΙΒΙΑΔΗΣ.

234 1017 271 1067 1.
336 990 427 1067 Ὠ
439 1022 543 1067 παῖ
553 1016 836 1082 Κλεινίου,
853 1008 1006 1080 οἶμαί
1022 1026 1083 1063 σε
1106 1006 1435 1079 θαυμάζειν,
1453 1003 1539 1061 ὅτι
1559 1011 1774 1076 πρῶτος
1794 989 1879 1066 ιοὲ

93 1093 327 1167 ἐραστής
365 1109 471 1149 σου
508 1093 809 1165 γενόμενος
835 1099 949 1148 τῶν
986 1089 1172 1146 ἄλλων
1210 1091 1581 1160 πεπαυμένων
1609 1089 1782 1160 μόνος

95 1176 200 1233 οὐκ
218 1175 661 1248 ἀπαλλάττομαι,
693 1178 784 1233 καὶ
802 1175 887 1232 ὅτι
906 1177 964 1230 οί
979 1176 1081 1245 μὲν
1100 1172 1259 1229 ἄλλοι
1279 1169 1343 1228 δι’
1367 1170 1538 1244 ὄχλου
1557 1174 1781 1243 ἐγένον-

94 1259 159 1316 τό
182 1277 271 1316 σοι
291 1260 676 1331 διαλεγόμενοι
690 1303 704 1330 ,
735 1259 841 1330 ἐγώ
867 1261 926 1315 δὲ
944 1257 1232 1313 τοσούτων
1249 1259 1387 1312 ἐτῶν
1407 1254 1539 1312 οὐδὲ
1557 1268 1782 1325 προσεῖ-

94 1364 219 1400 πον.
263 1344 468 1399 τούτου
498 1341 636 1399 δὲτὸ
659 1351 838 1399 αἴτιον
857 1345 1090 1413 γέγονεν
1109 1337 1213 1396 οὐκ
1232 1337 1610 1411 ἀνθρώπειον,
1642 1336 1781 1395 ἄλλά

92 1450 145 1482 τι
163 1427 456 1498 δαιμόνων
474 1430 782 1497 ἐναντίωμα
796 1468 809 1495 ,
844 1418 916 1481 οὑ
945 1422 1018 1479 σὺ
1040 1422 1142 1495 τὴν
1172 1422 1414 1494 δύναμιν
1431 1421 1523 1478 καὶ
1540 1419 1780 1490 ὕστερον

91 1509 284 1565 πεύσει
300 1531 311 1541 ·
363 1517 473 1565 νῦν
500 1513 530 1565 εἴ
539 1508 551 1524 ’
579 1507 764 1579 ἐπειδὴ
796 1506 983 1564 οὐκέτι
1010 1511 1386 1577 ἐναντιοῦται,
1427 1504 1575 1561 οὕτω
1609 1525 1777 1575 προς-

92 1593 342 1663 ελήλυθα
357 1614 368 1624 ·
397 1591 615 1657 εὔελπις
635 1595 697 1648 δέ
713 1596 822 1663 εἰμι
844 1592 933 1647 καὶ
952 1588 1012 1646 τὸ
1031 1589 1228 1646 λοιπὸν
1246 1588 1319 1662 μὴ
1340 1588 1778 1646 ἐναντιώσεσθαι

91 1673 244 1731 αὐτό.
295 1673 492 1746 σχεδὸν
519 1669 627 1730 οὖν
656 1674 1039 1746 κατανενόηκα
1069 1678 1129 1730 ἐν
1147 1674 1325 1747 τούτῳ
1346 1679 1422 1747 τῷ
1443 1671 1624 1745 χρόνῳ
1644 1688 1778 1727 σκο-

90 1757 370 1828 πούμενος
390 1755 463 1822 ὥς
483 1754 621 1829 πρὸς
641 1756 771 1821 τοὺς
790 1757 1023 1827 ἐραστὰς
1042 1763 1191 1828 ἔσχες
1207 1778 1218 1788 ·
1247 1760 1471 1812 πολλῶν
1489 1753 1595 1824 γὰρ
1614 1774 1777 1824 γενο-

91 1843 278 1912 μένων
306 1843 396 1896 καὶ
425 1839 868 1911 μεγαλοφρόνων
889 1838 1072 1906 οὐδεὶς
1100 1841 1162 1906 ὃς
1180 1836 1281 1910 οὐχ
1309 1837 1682 1910 ὑπερβληθεὶς
1699 1844 1777 1910 τῷ

1820 970 1849 1012 P

88 1923 403 1995 φρονήματι
421 1920 530 1979 ὑπὸ
561 1931 667 1979 σοῦ
685 1926 944 1994 πέφευγε.
999 1921 1099 1979 τὸν
1130 1925 1189 1977 δὲ
1218 1921 1414 1992 λόγον,
1452 1913 1500 1993 ᾦ
1527 1918 1771 1990 ὑπερπε-
1790 1927 1874 1972 104

88 2006 402 2078 φρόνηκας,
435 2009 610 2063 ἐθέλω
640 2010 899 2062 διελθεῖν.
951 2002 1183 2071 οὐδενὸς
1213 2007 1322 2079 φῂς
1341 2003 1665 2075 ἀνθρώπων
1683 2007 1776 2059 έν-

89 2088 217 2160 δεής
234 2089 375 2145 εἶναι
394 2095 470 2155 εἰς
490 2089 658 2146 οὐδέν
671 2112 684 2124 ·
714 2088 781 2145 τὰ
802 2088 910 2160 γὰρ
930 2086 1251 2159 ὑπάρχοντά
1273 2105 1360 2144 σοι
1378 2087 1592 2158 μεγάλα
1613 2085 1769 2157 εἶναι,

44 2217 46 2225 .
88 2170 227 2227 ὥστε
247 2171 483 2243 μηδενὸς
505 2177 743 2244 δεῖσθαι,
763 2171 870 2228 ἀπὸ
893 2178 995 2228 τοῦ
1014 2172 1267 2242 σώματος
1285 2169 1566 2241 ἀρξάμενα
1584 2177 1774 2225 τελευ-

48 2302 59 2331 -;
86 2260 267 2310 τῶντα
286 2258 362 2319 είς
379 2255 481 2326 τήν
501 2256 698 2326 ψυχήν.
747 2263 850 2310 οἱέι
876 2252 984 2324 γὰρ
1015 2253 1081 2324 δὴ
1106 2252 1244 2308 εἶναι
1269 2260 1492 2321 πρῶτον
1515 2252 1618 2324 μὲν
1637 2251 1773 2308 κάλ-

86 2337 269 2402 λιστός
283 2358 340 2392 τε
359 2338 450 2393 καὶ
462 2338 738 2408 μέγιστος·
762 2338 852 2392 καὶ
871 2342 1034 2392 τοῦτο
1055 2340 1157 2408 μὲν
1176 2333 1242 2408 δή
1263 2338 1427 2393 παντὶ
1447 2340 1618 2408 δῆλον
1635 2339 1773 2392 ἰδεῖν

84 2417 170 2475 ὅτι
191 2417 260 2475 οὐ
281 2418 473 2485 ψεύδει
489 2440 500 2451 ·
523 2424 707 2475 ἔπειτα
723 2418 1131 2474 νεανικωτάτου
1149 2421 1347 2488 γένους
1365 2421 1426 2474 ἐν
1445 2425 1509 2492 τῇ
1536 2423 1775 2474 σεαυτοῦ

85 2502 270 2571 πόλει,
302 2500 444 2575 οὔσῃ
473 2508 700 2574 μεγίστῃ
733 2499 1228 2572 τῶνἙλληνίδων,
1259 2502 1349 2558 καὶ
1369 2504 1615 2558 ἐνταῦθα
1634 2498 1774 2571 πρὸς

88 2585 296 2656 πατρός
324 2589 384 2641 τέ
416 2602 503 2641 σοι
532 2591 731 2656 φίλους
760 2586 851 2642 καὶ
881 2591 1159 2655 ξυγγενεῖς
1192 2588 1481 2650 πλείστους
1510 2583 1650 2639 εἶναι
1679 2584 1770 2639 καὶ

85 2665 343 2740 ἀρίστους
357 2711 371 2737 ,
405 2674 459 2724 οἲ
478 2677 530 2724 εἰ
543 2691 593 2724 τι
617 2670 731 2724 δέοι
751 2667 1078 2740 ὑπηρετοῖεν
1097 2667 1169 2723 ἅν
1187 2684 1301 2739 σοι,
1330 2666 1545 2724 τούτων
1564 2667 1622 2723 δὲ
1641 2664 1772 2731 τούς

87 2750 226 2820 πρὸς
244 2750 450 2823 μητρὸς
474 2749 642 2806 οὐδὲν
660 2757 875 2822 χείρους
897 2748 1018 2806 οὐδ’
1041 2750 1323 2816 ἐλάττους·
1356 2749 1691 2820 ξυμπάντων
1711 2750 1772 2804 δὲ

88 2824 169 2887 ὦν
192 2831 347 2888 εἷπον
377 2838 538 2904 μείζω
570 2841 674 2889 οἰει
707 2851 793 2887 σοι
825 2834 1066 2904 δύναμιν
1095 2830 1365 2902 ὑπάρχειν
1384 2832 1654 2902 Περικλέα
1674 2826 1772 2886 τὸν

1815 2596 1847 2636 Β

1780 896 1896 942 ειη.
1967 955 1978 968 ⁴
