2028 3198
709 136 1111 186 ΦΙΛΗΒΟΣ.
1677 129 1746 182 73

205 276 327 328 ΣΩ.
387 269 618 328 Οὐκοῦν
644 268 713 325 τὰ
743 267 844 339 μὲν
866 266 933 339 δὴ
952 274 1075 337 τρία
1096 273 1268 322 ταῦτα
1286 274 1506 338 εἴρηκα,
1546 270 1597 322 εἰ
1613 269 1748 332 ξυν-

64 366 224 419 νοεζ.

205 442 376 492 ΠΡΩ.
426 433 572 491 Ἀλλ’
604 432 752 505 οἶμαι
771 442 1087 488 κατανοεῖν·
1128 435 1190 486 ἓν
1209 431 1310 502 μὲν
1328 431 1437 501 γάρ
1458 452 1551 502 μοι
1570 434 1750 496 δοκεῖς

68 518 130 575 τὸ
161 519 392 587 ἄπειρον
421 521 630 588 λέγειν,
668 518 731 571 ἓν
763 515 822 571 δὲ
847 515 940 569 καὶ
970 513 1233 583 δεύτερον
1260 512 1322 570 τὸ
1354 517 1522 584 πέρας
1550 515 1613 570 έν
1640 523 1752 577 τοῖς

70 594 196 656 οὖσι
209 622 221 632 ·
255 605 444 669 τρίτον
463 602 523 656 δὲ
541 596 611 655 οὐ
630 597 852 669 σφόδρα
868 597 1075 665 κατέχω
1095 599 1153 649 τί
1164 594 1357 666 βούλει
1377 595 1621 666 φράζειν.

207 686 333 737 ΣΩ.
393 681 468 737 T&
488 680 597 751 γὰρ
616 677 832 750 πλῆθός
851 694 940 747 σε,
980 669 1024 732 ὦ
1042 677 1350 748 θαυμάσιε,
1388 678 1638 748 ἐξέπληξε
1657 684 1752 748 τῆς

66 771 169 821 τοῦ
182 769 371 834 τρίτου
383 769 649 833 γενέσεως
665 784 675 793 ·
700 768 796 818 καί
806 782 891 816 τοι
906 760 1083 816 πολλά
1099 782 1161 830 γε
1177 762 1267 815 καὶ
1284 757 1344 815 τὸ
1363 757 1593 827 ἄπειρον
1609 779 1752 827 παρ-
1781 777 1817 818 D

72 851 256 918 ἔσχετο
284 849 446 917 γένη,
485 844 632 916 ὅμως
662 842 713 899 δ’
749 846 1258 914 ἐπισφραγισθέντα
1288 846 1365 914 τῷ
1400 846 1503 896 τοῦ
1538 845 1751 910 μᾶλλον

68 931 158 985 καὶ
176 932 432 986 ἐναντίου
449 931 596 999 γένει
619 931 682 983 ἓν
700 926 896 997 ἐφάνη.

207 1017 376 1068 ΠΡΩ.
429 1009 649 1082 Ἀληθ-ῆ.

208 1099 335 1150 ΣΩ.
387 1095 496 1149 Καὶ
529 1090 641 1163 μὴν
667 1090 732 1146 τό
762 1112 823 1160 γε
853 1092 1022 1158 πέρας
1051 1087 1179 1144 οὔτε
1207 1084 1385 1143 πολλὰ
1421 1084 1588 1157 εἶχεν,
1629 1084 1752 1141 οὔτ’

68 1179 535 1246 έδυσκολαίνομεν
555 1172 629 1239 ὡς
647 1171 751 1229 οὐκ
771 1166 842 1242 ἦν
861 1174 925 1227 ἓν
944 1172 1126 1242 φύσει.

212 1263 382 1315 ΠΡΩ.
432 1263 561 1321 Παῖς
578 1253 686 1325 γὰρ
708 1253 807 1319 ἅν;

214 1345 339 1396 ΣΩ.
394 1336 680 1408 Οὐδαμῶς.
738 1334 877 1391 ἀλλὰ
908 1339 1093 1404 τρίτον
1125 1334 1270 1404 φάθι
1289 1355 1355 1405 με
1376 1335 1582 1404 λέγειν,
1623 1334 1684 1387 ἕν
1703 1354 1755 1387 τι

70 1422 286 1478 τούτων
304 1423 530 1476 τιθέντα
545 1418 606 1474 τὸ
624 1418 877 1488 [τούτων]
892 1421 1127 1487 ἔκγονον
1142 1415 1309 1485 ἅπαν,
1330 1417 1547 1485 γένεσιν
1563 1419 1640 1479 εἰς
1654 1411 1755 1469 οὐ·

71 1509 198 1560 σίαν
217 1505 277 1559 ἐκ
296 1508 409 1557 τῶν
431 1499 567 1572 μετὰ
585 1506 686 1555 τοῦ
706 1501 938 1568 πέρατος
958 1496 1413 1569 ἀπειργασμένων
1429 1499 1661 1568 μέτρων.

213 1588 383 1640 ΠΡΩ.
422 1581 693 1654 ’Έμαθον

214 1671 349 1721 XIV.
422 1670 549 1720 ΣΩ.
598 1663 760 1721 Ἀλλὰ
801 1665 866 1736 δὴ
907 1663 1043 1733 πρὸς
1079 1664 1220 1731 τρισὶ
1262 1660 1523 1730 τέταρτόν
1553 1682 1606 1716 τι
1632 1660 1755 1717 τότε
1785 1667 1817 1707 Ε

74 1754 286 1819 ἔφαμεν
305 1746 446 1803 εἶναι
463 1751 623 1817 γένος
644 1752 932 1804 σκεπτέον·
961 1742 1119 1816 κοινὴ
1142 1743 1195 1799 δ’
1215 1745 1252 1815 ἡ
1271 1747 1474 1810 σκέψις.
1522 1741 1628 1814 ὅρα
1645 1740 1754 1813 γὰρ

74 1838 127 1887 εἰ
150 1847 238 1886 σοι
267 1832 423 1885 δοκεῖ
433 1827 740 1900 ἀναγκαῖον
758 1829 898 1886 εἶναι
916 1828 1096 1884 πάντα
1116 1825 1182 1881 τὰ
1200 1826 1503 1897 γιγνόμενα
1524 1826 1613 1882 διά
1633 1847 1755 1881 τινα

74 1917 253 1969 ahian
269 1917 576 1982 γίγνεσθαι.

214 1999 383 2051 Ima.
430 1993 674 2066 Ἔμονγε·
713 2000 830 2058 πῶς
858 1990 966 2064 γὰρ
985 1988 1057 2047 ἂν
1075 1993 1239 2063 χωρὶς
1259 1992 1463 2047 τούτου
1482 1994 1755 2060 γίγνοιτο;

216 2082 340 2133 ΣΩ.
400 2075 628 2133 Οὐκοῦν
663 2075 699 2148 ἡ
737 2082 840 2132 τοῦ
881 2082 1173 2140 ποιοῦντος
1211 2074 1378 2145 φύσις
1414 2071 1582 2129 οὐδὲν
1610 2072 1757 2143 πλὴν

76 2154 308 2229 ὀνόματι
337 2166 431 2229 τῆς
458 2164 631 2225 αἰτίας
660 2163 934 2230 διαφέρει,
971 2158 1032 2213 τό
1064 2156 1122 2212 δὲ
1151 2160 1356 2211 ποιοῦν
1387 2155 1479 2209 καὶ
1496 2151 1558 2209 τὸ
1580 2160 1757 2208 alnov

76 2235 266 2308 ὀρθῶς
284 2235 357 2295 ἄν
376 2248 459 2311 εἴη
479 2240 785 2312 λεγόμενον
803 2242 891 2307 ἓν;

221 2326 385 2377 ΠΡΩ.
438 2318 663 2391 Ὀρθῶς.

218 2407 343 2459 2:62.
401 2405 511 2460 Kal
539 2403 652 2474 μὴν
678 2403 741 2458 τό
772 2425 834 2474 γε
860 2401 1196 2472 ποιούμενον
1215 2393 1290 2456 αὖ
1309 2402 1399 2456 καὶ
1416 2397 1477 2455 τό
1498 2397 1759 2470 γιγνόμε-
1786 2403 1840 2451 27

79 2506 180 2540 νον
209 2481 377 2541 οὐδὲν
405 2483 552 2555 πλὴν
571 2483 828 2556 ὀνόματι,
865 2484 1126 2551 καθάπερ
1144 2482 1206 2539 τὸ
1227 2489 1336 2539 νῦν
1355 2482 1424 2553 δή
1439 2523 1453 2552 ,
1490 2481 1758 2551 διαφέρον

77 2564 414 2638 εὑρήσομεν·
451 2562 487 2636 ἦ
504 2571 647 2631 nobs-3

218 2652 389 2703 ΠΡΩ.
447 2645 655 2714 Οὕτως.

219 2736 344 2787 ΣΩ.
397 2724 510 2800 'Ap'
535 2724 640 2786 οὖν
656 2729 867 2802 ἡγεῖται
885 2729 987 2802 μὲν
1003 2727 1065 2785 τὸ
1086 2733 1289 2784 ποιοῦν
1307 2726 1391 2782 αἐὶ
1410 2725 1547 2782 κατὰ
1568 2725 1759 2796 φύσιν,

77 2810 140 2867 τὸ
161 2812 217 2868 δὲ
239 2813 579 2884 ποιούμενον
596 2811 902 2869 ἀκολουθεῖ
914 2811 1248 2883 γνγνόμενον
1266 2812 1482 2880 ἐκείνφ;
