2028 3198
298 137 404 190 360
855 140 969 187 AN
986 140 1412 188 ΤΕΡΑΣΤΑΙ.
1923 149 1980 193 90

299 275 638 342 φιλοσοφίαν
659 265 694 344 ἢ
715 273 802 327 καὶ
821 269 1069 341 ἀγαθόν;
1096 263 1169 342 ἦν
1188 268 1237 325 δ’
1261 272 1386 341 ἐγώ.
1458 274 1567 328 Καὶ
1587 271 1834 344 ἀγαθόν,
1855 278 1978 345 ἔφη,

302 353 470 407 πάνυ.
540 353 792 421 Πότερον
812 347 917 409 οὖν
940 355 1000 408 ἐν
1030 357 1332 426 φιλοσοφίᾳ
1351 376 1401 408 τι
1420 360 1582 410 τοῦτο
1605 358 1749 410 ἴδιον
1767 356 1979 427 ἐνορᾷς,

298 430 335 505 ἦ
354 434 445 489 καὶ
474 436 533 489 ἐν
562 446 673 499 τοῖς
702 433 888 499 ἄλλοις
921 433 1066 490 οὕτω
1097 450 1184 488 σοι
1204 437 1354 490 δοκεῖ
1386 439 1554 506 ἕχειν;
1587 433 1705 491 οἷον
1747 442 1983 505 φιλογυ-

298 520 570 586 μναστίαν
590 512 658 569 οὐ
678 515 855 585 μόνον
873 512 996 585 ἡγεῖ
1013 513 1184 570 καλὸν
1204 514 1369 586 εἶναι,
1392 515 1530 572 ἀλλὰ
1560 517 1651 572 καὶ
1679 514 1927 586 ἄγαθόν;
1948 513 1982 587 ἦ

300 595 398 663 οὕς
437 595 466 652 ὁ
500 597 558 653 δὲ
587 599 678 667 καὶ
709 597 854 667 μάλα
886 602 1183 667 εἰρωνικῶς
1211 601 1316 668 ἔφη
1345 597 1472 652 δύο·
1511 596 1661 668 Πρὸς
1689 599 1792 668 μὲν
1818 599 1978 654 τόνδε

301 699 396 750 μοι
414 679 676 750 εἰρήσθω,
699 679 783 735 ὅτι
805 678 1091 751 οὐδέτερα·
1112 677 1249 749 πρὸς
1269 680 1326 735 δὲ
1346 683 1422 750 σέ,
1446 673 1490 735 ὦ
1510 679 1822 749 Σώκρατες,
1846 678 1980 750 ὁμο-

234 774 270 815 E
303 770 451 833 λογῶ
488 765 579 817 καὶ
608 761 783 818 καλὸν
814 762 953 818 εἶναι
983 764 1073 818 καὶ
1094 759 1337 831 οὲγαθόν·
1377 760 1615 832 ἡγοῦμαι
1651 759 1756 830 γὰρ
1777 759 1977 829 ὀρθῶς.

301 841 557 916 ἠρώτησα
587 838 692 898 οὖν
722 844 854 914 ἐγώ,
883 838 998 914 Ἆρ’
1033 837 1135 897 οὖν
1166 845 1256 899 καὶ
1286 845 1345 899 ἐν
1376 855 1487 907 τοῖς
1524 849 1847 914 γυμνασίοις
1883 842 1978 913 τὴν

301 931 652 982 πολυπονίαν
690 930 1164 996 φιλογυμναστίαν
1203 922 1329 995 ἡγεῖ
1361 923 1522 990 εἷναι;
1569 923 1820 989 κάκεῖνος
1857 929 1980 995 ἔφη,

300 1007 467 1063 Πάνυ
485 1028 565 1077 γε,
587 1005 771 1075 ὥσπερ
791 1029 851 1077 γε
871 1009 961 1062 καὶ
981 1009 1042 1062 έν
1060 1012 1135 1080 τῷ
1159 1013 1486 1105 φιλοσοφεῖν
1504 1004 1606 1077 τὴν
1626 1011 1982 1076 πολυμαθίαν

304 1093 641 1160 φιλοσοφίαν
670 1086 908 1159 ἡγοῦμαι
928 1086 1079 1142 εἶναι.
1118 1085 1270 1157 καγώ
1305 1087 1487 1158 εἶπον,
1518 1085 1669 1185 Ἠγεῖ
1683 1089 1740 1143 δε
1762 1086 1828 1158 δὴ
1849 1109 1979 1152 τους

305 1175 892 1242 φιλογυμναστοῦντας
911 1167 1085 1223 ἄλλου
1105 1190 1203 1223 του
1223 1171 1515 1239 ἐπιθυμεῖν
1534 1166 1568 1239 ἢ
1599 1169 1828 1238 τούτου,
1872 1167 1903 1224 ὅ
1932 1190 1981 1223 τι

304 1252 522 1322 ποιήσει
553 1250 755 1316 αὐτοὺς
776 1253 838 1306 εὐ
872 1255 1014 1320 ἔχειν
1035 1248 1094 1305 τὸ
1130 1267 1315 1320 σωμα;
1359 1250 1602 1322 Τούτου,
1643 1255 1761 1320 ἔφη.
1795 1245 1865 1304 Ἦ
1880 1271 1984 1304 ουν

308 1339 363 1391 οι
382 1335 576 1390 πολλοὶ
596 1334 758 1389 πόνοι
777 1332 835 1388 τὸ
869 1351 1051 1403 σωμα,
1094 1336 1166 1403 ἡν
1197 1331 1250 1387 δ’
1281 1334 1414 1404 ἐγώ,
1456 1339 1712 1388 ποιοῦσιν
1733 1327 1797 1387 εὖ
1818 1338 1985 1403 ε”χειν;

187 1427 276 1472 134
305 1421 439 1480 Πῶς
458 1413 565 1487 γὰρ
586 1414 685 1482 ἄν,
723 1419 856 1486 ἔφη,
900 1413 1010 1470 από
1028 1437 1089 1485 γε
1122 1413 1325 1485 ὀλίγων
1348 1415 1541 1471 πόνων
1558 1412 1618 1470 τό
1642 1415 1799 1486 σῶμα
1819 1436 1899 1479 τις
1919 1408 1984 1470 εὖ

306 1502 446 1568 ἔχθη
485 1503 582 1552 καί
605 1518 698 1567 μοι
727 1500 914 1563 ἔδοξεν
944 1496 1049 1569 ἤδη
1071 1499 1317 1553 ἐνταῦθα
1346 1499 1592 1567 κινητέος
1611 1496 1749 1552 εἶναι
1769 1494 1797 1552 ὁ
1819 1504 1982 1567 φιλο-

305 1579 648 1650 γυμναστής,
687 1582 778 1634 ἵνα
806 1601 898 1649 μοι
919 1579 1174 1651 βοηθήσῃ
1195 1577 1283 1634 διὰ
1304 1578 1407 1650 τὴν
1444 1581 1727 1649 ἐμπειρίαν
1749 1585 1842 1648 τῆς
1877 1599 1982 1648 γυ-

306 1667 616 1732 μναστικῆς·
640 1659 869 1716 κᾶπειτα
888 1658 1103 1732 ἠρόμην
1117 1659 1305 1732 αὐτόν,
1319 1659 1408 1717 Σὺ
1422 1660 1478 1716 δὲ
1501 1659 1566 1732 δὴ
1588 1665 1645 1716 τί
1658 1666 1815 1734 σιγᾷς
1833 1658 1980 1731 ἡμῖν,

308 1737 351 1798 ὦ
378 1750 579 1818 λῷστε,
616 1742 817 1798 τούτου
846 1749 1018 1798 ταῦτα
1049 1746 1334 1812 λέγοντος;
1370 1739 1406 1813 ἦ
1436 1745 1524 1798 καὶ
1545 1744 1630 1798 σοὶ
1652 1746 1913 1798 δοκοῦσιν
1934 1744 1987 1797 οἱ

310 1823 606 1894 ἄνθρωποι
638 1818 703 1879 εὖ
731 1823 796 1879 τοὶ
827 1824 1050 1894 σώματα
1079 1829 1221 1895 ἔχειν
1248 1822 1356 1880 ἀπὸ
1387 1831 1499 1880 τῶν
1529 1830 1752 1880 πολλῶν
1773 1823 1983 1893 πόνων,

308 1901 345 1976 ἦ
364 1903 472 1960 ἀπὸ
493 1911 606 1960 τῶν
624 1911 883 1976 μετρίων;
911 1904 1044 1975 Ἐγώ
1066 1909 1195 1977 μέν,
1237 1901 1282 1961 ὦ
1298 1907 1617 1976 Σώκρατες,
1657 1910 1789 1976 ἔφη,
1830 1903 1985 1977 ᾤμην

309 1985 370 2042 τὸ
409 1985 711 2056 λεγόμενον
750 1983 816 2056 δὴ
855 1992 1017 2040 τοῦτο
1053 1982 1161 2041 κᾶν
1198 1980 1272 2040 ὗν
1305 1993 1542 2057 γνῶναι,
1583 1985 1666 2041 ὅτι
1696 1989 1752 2041 οἶ
1777 1989 1986 2055 μέτριοι

243 2085 276 2125 Β
309 2070 473 2126 πόνοι
491 2062 556 2125 εὖ
575 2074 832 2124 ποιοῦσιν
850 2072 991 2138 ἔχειν
1009 2066 1075 2123 τὰ
1097 2068 1321 2139 στόματα
1335 2110 1349 2139 ,
1381 2066 1562 2124 πόθεν
1582 2066 1646 2137 δὴ
1669 2067 1789 2136 οὐχὶ
1809 2065 1985 2135 ἄνδρα

309 2173 371 2222 γε
419 2149 710 2222 ἅγρυπνόν
746 2172 803 2206 τε
852 2152 944 2206 καὶ
990 2147 1180 2205 ἄσιτον
1217 2151 1308 2206 καὶ
1346 2147 1542 2221 ἀτριβῆ
1578 2147 1676 2203 τὸν
1713 2147 1990 2219 τράχηλον

309 2238 502 2304 ἔχοντα
520 2233 610 2288 καὶ
627 2230 829 2288 λεπτὸν
849 2229 957 2287 ὑπὸ
978 2239 1286 2302 μεριμνῶνς
1307 2233 1396 2286 καὶ
1416 2228 1590 2285 αὐτοῦ
1607 2235 1778 2284 ταῦτα
1799 2229 1989 2285 εἰπόν-

310 2335 400 2378 τος
427 2312 577 2384 ἤσθη
608 2313 674 2368 τὰ
707 2314 958 2384 μειράκια
982 2317 1072 2369 καὶ
1102 2315 1454 2383 ἐπεγέλασεν,
1493 2308 1521 2367 ὁ
1554 2309 1604 2366 δ’
1637 2312 1819 2381 ἕτερος
1847 2307 1988 2380 ἠρυ-

310 2402 525 2466 θρίασε.
566 2397 658 2452 καὶ
687 2395 793 2467 ἐγώ
824 2395 1005 2468 εἷπον,
1049 2403 1116 2451 Τί
1135 2389 1264 2461 οὖν;
1307 2393 1379 2450 σύ
1406 2393 1511 2466 ’ἤδη
1544 2397 1834 2465 ξυγχωρεῑς
1855 2391 1987 2463 μήτε

311 2475 554 2542 πολλοὺς
582 2476 716 2549 μήτε
745 2477 966 2548 ὀλίγους
994 2476 1203 2542 πόνους
1226 2471 1290 2532 εὖ
1309 2487 1487 2532 ποιεῖν
1517 2480 1660 2546 ἔχειν
1676 2475 1740 2529 τοὶ
1762 2473 1988 2543 σώματα

310 2557 444 2624 τοὺς
465 2555 829 2628 ἀνθρώπους,
870 2557 1008 2615 α’λλα
1039 2581 1170 2624 τους
1187 2563 1467 2629 μετρίους;
1503 2552 1536 2628 ἠ
1532 2555 1808 2626 διαμάχει
1828 2558 1987 2610 δυοῖν

247 2646 284 2692 G
315 2640 504 2697 όντοιν
524 2645 639 2714 νῷν
661 2641 785 2711 περὶ
803 2647 906 2695 τοῦ
925 2640 1126 2710 λόγους
1163 2638 1441 2710 κάκεῖνος,
1461 2638 1613 2709 Πρὸς
1641 2659 1741 2707 μεν
1770 2641 1987 2703 τοῦτον,

312 2727 419 2794 ἔφη
434 2764 448 2791 ,
469 2718 578 2777 κᾶν
597 2741 748 2777 πανυ
769 2720 940 2792 ἡδέως
961 2725 1422 2792 διαγωνισαίμην,
1445 2720 1536 2774 καὶ
1558 2740 1622 2774 ευ
1602 2713 1746 2773 *οἷδ’
1766 2715 1850 2772 ὅτι
1869 2718 1988 2770 ικα-

312 2799 464 2868 νὸς“
429 2826 502 2859 αν
518 2809 783 2874 γενοίμην
802 2809 1080 2875 βοηθῆσαι
1097 2809 1166 2874 τῇ
1183 2801 1467 2872 ὑποθέσει,
1487 2797 1558 2871 ἣν
1577 2797 1879 2868 ὑπεθέμην,
1901 2796 1991 2852 καὶ
