<?xml version="1.0" encoding="UTF-8"?>
<!DOCTYPE html PUBLIC "-//W3C//DTD XHTML 1.0 Transitional//EN"
    "http://www.w3.org/TR/xhtml1/DTD/xhtml1-transitional.dtd">
<html xmlns="http://www.w3.org/1999/xhtml" xml:lang="en" lang="en">
 <head>
  <title>
</title>
<meta http-equiv="Content-Type" content="text/html;charset=utf-8" />
  <meta name='ocr-system' content='tesseract 3.04.00' />
  <meta name='ocr-capabilities' content='ocr_page ocr_carea ocr_par ocr_line ocrx_word'/>
</head>
<body>
  <div class='ocr_page' id='page_1' title='image "./dialogisecumdumt02platuoft_0349.png"; bbox 0 0 2028 3198; ppageno 0'>
   <div class='ocr_carea' id='block_1_1' title="bbox 11 0 194 101">
    <p class='ocr_par' dir='ltr' id='par_1_1' title="bbox 11 0 194 101">
     <span class='ocr_line' id='line_1_1' title="bbox 11 0 194 101; baseline 0 0"><span class='ocrx_word' id='word_1_1' title='bbox 11 0 85 101; x_wconf 55' lang='lat'><em>5·</em></span> <span class='ocrx_word' id='word_1_2' title='bbox 135 28 194 53; x_wconf 70' lang='lat'><em>“</em></span> 
     </span>
    </p>
   </div>
   <div class='ocr_carea' id='block_1_2' title="bbox 101 62 1888 156">
    <p class='ocr_par' dir='ltr' id='par_1_2' title="bbox 24 62 1888 156">
     <span class='ocr_line' id='line_1_2' title="bbox 101 62 1888 156; baseline 0.001 -7.959"><span class='ocrx_word' id='word_1_3' title='bbox 101 109 161 156; x_wconf 69' lang='lat'><em>49</em></span> <span class='ocrx_word' id='word_1_4' title='bbox 238 63 241 65; x_wconf 32' lang='lat'>⁵</span> <span class='ocrx_word' id='word_1_5' title='bbox 654 62 1214 150; x_wconf 66' lang='lat' dir='ltr'><em>Aamfflaauz.</em></span> <span class='ocrx_word' id='word_1_6' title='bbox 1674 97 1782 151; x_wconf 85' lang='lat'><em>319</em></span> <span class='ocrx_word' id='word_1_7' title='bbox 1885 76 1888 78; x_wconf 66' lang='grc'>’</span> 
     </span>
    </p>
   </div>
   <div class='ocr_carea' id='block_1_3' title="bbox 0 230 1915 1295">
    <p class='ocr_par' dir='ltr' id='par_1_3' title="bbox 0 230 1915 1295">
     <span class='ocr_line' id='line_1_3' title="bbox 106 230 1779 309; baseline -0.003 -15"><span class='ocrx_word' id='word_1_8' title='bbox 106 236 339 308; x_wconf 85' lang='grc' dir='ltr'><em>νόμενος</em></span> <span class='ocrx_word' id='word_1_9' title='bbox 357 239 699 309; x_wconf 76' lang='grc' dir='ltr'><strong><em>διαφθαρῇς·</em></strong></span> <span class='ocrx_word' id='word_1_10' title='bbox 721 236 915 291; x_wconf 86' lang='grc' dir='ltr'><em>πολλοὶ</em></span> <span class='ocrx_word' id='word_1_11' title='bbox 938 232 1046 306; x_wconf 75' lang='grc' dir='ltr'><em>γὰρ</em></span> <span class='ocrx_word' id='word_1_12' title='bbox 1063 232 1170 305; x_wconf 85' lang='grc' dir='ltr'><em>ἤδη</em></span> <span class='ocrx_word' id='word_1_13' title='bbox 1188 234 1279 288; x_wconf 82' lang='grc' dir='ltr'><em>καὶ</em></span> <span class='ocrx_word' id='word_1_14' title='bbox 1299 230 1506 305; x_wconf 73' lang='grc' dir='ltr'><em>ἀγαθοὶ</em></span> <span class='ocrx_word' id='word_1_15' title='bbox 1523 231 1659 290; x_wconf 79' lang='grc' dir='ltr'><em>αὐτὸ</em></span> <span class='ocrx_word' id='word_1_16' title='bbox 1679 252 1779 289; x_wconf 88' lang='grc' dir='ltr'><em>πε-</em></span> 
     </span>
     <span class='ocr_line' id='line_1_4' title="bbox 105 313 1780 390; baseline -0.002 -15"><span class='ocrx_word' id='word_1_17' title='bbox 105 320 179 375; x_wconf 86' lang='grc' dir='ltr'><em>πό</em></span> <span class='ocrx_word' id='word_1_18' title='bbox 185 327 390 376; x_wconf 84' lang='grc' dir='ltr'><em>νθασιν</em></span> <span class='ocrx_word' id='word_1_19' title='bbox 405 318 732 390; x_wconf 77' lang='grc' dir='ltr'><em>Ἀθηναίων.</em></span> <span class='ocrx_word' id='word_1_20' title='bbox 785 315 1149 386; x_wconf 80' lang='grc' dir='ltr'><em>εὐπρόσωπος</em></span> <span class='ocrx_word' id='word_1_21' title='bbox 1173 315 1280 388; x_wconf 77' lang='grc' dir='ltr'><em>γὰρ</em></span> <span class='ocrx_word' id='word_1_22' title='bbox 1301 313 1330 372; x_wconf 85' lang='grc' dir='ltr'><strong>ὁ</strong></span> <span class='ocrx_word' id='word_1_23' title='bbox 1350 324 1455 373; x_wconf 83' lang='grc' dir='ltr'><em>τοῦ</em></span> <span class='ocrx_word' id='word_1_24' title='bbox 1471 315 1780 388; x_wconf 81' lang='grc' dir='ltr'><em>μεγαλήτο-</em></span> 
     </span>
     <span class='ocr_line' id='line_1_5' title="bbox 106 396 1781 472; baseline -0.001 -15"><span class='ocrx_word' id='word_1_25' title='bbox 106 423 201 470; x_wconf 88' lang='grc' dir='ltr'><em>ρος</em></span> <span class='ocrx_word' id='word_1_26' title='bbox 220 405 392 472; x_wconf 85' lang='grc' dir='ltr'><em>δῆμος</em></span> <span class='ocrx_word' id='word_1_27' title='bbox 414 398 738 471; x_wconf 78' lang='grc' dir='ltr'><strong><em>Ἐρεχθέως·</em></strong></span> <span class='ocrx_word' id='word_1_28' title='bbox 777 397 890 456; x_wconf 78' lang='grc' dir='ltr'><em>ἀλλ’</em></span> <span class='ocrx_word' id='word_1_29' title='bbox 914 396 1200 455; x_wconf 78' lang='grc' dir='ltr'><em>ἀποδύντα</em></span> <span class='ocrx_word' id='word_1_30' title='bbox 1228 399 1332 470; x_wconf 79' lang='grc' dir='ltr'><em>χρὴ</em></span> <span class='ocrx_word' id='word_1_31' title='bbox 1362 396 1539 455; x_wconf 81' lang='grc' dir='ltr'><em>αὐτὸν</em></span> <span class='ocrx_word' id='word_1_32' title='bbox 1566 398 1781 468; x_wconf 79' lang='grc' dir='ltr'><em>θεάσα-</em></span> 
     </span>
     <span class='ocr_line' id='line_1_6' title="bbox 106 476 1513 554; baseline -0.001 -16"><span class='ocrx_word' id='word_1_33' title='bbox 106 491 266 538; x_wconf 87' lang='grc' dir='ltr'><em>σθαι·</em></span> <span class='ocrx_word' id='word_1_34' title='bbox 302 481 546 553; x_wconf 78' lang='grc' dir='ltr'><strong><em>εὐλαβοῦ</em></strong></span> <span class='ocrx_word' id='word_1_35' title='bbox 566 476 673 538; x_wconf 79' lang='grc' dir='ltr'><em>οὖν</em></span> <span class='ocrx_word' id='word_1_36' title='bbox 698 482 800 554; x_wconf 83' lang='grc' dir='ltr'><em>τήν</em></span> <span class='ocrx_word' id='word_1_37' title='bbox 822 480 1116 554; x_wconf 78' lang='grc' dir='ltr'><em>εὐλάβειαν</em></span> <span class='ocrx_word' id='word_1_38' title='bbox 1139 478 1211 553; x_wconf 82' lang='grc' dir='ltr'><em>ἣν</em></span> <span class='ocrx_word' id='word_1_39' title='bbox 1230 479 1336 552; x_wconf 68' lang='grc' dir='ltr'><em>ἐγώ</em></span> <span class='ocrx_word' id='word_1_40' title='bbox 1356 486 1513 553; x_wconf 86' lang='grc' dir='ltr'><em>λέγω.</em></span> 
     </span>
     <span class='ocr_line' id='line_1_7' title="bbox 234 569 578 632; baseline 0 -12"><span class='ocrx_word' id='word_1_41' title='bbox 234 571 355 620; x_wconf 84' lang='grc' dir='ltr'><em>ΑΛ.</em></span> <span class='ocrx_word' id='word_1_42' title='bbox 414 569 578 632; x_wconf 72' lang='grc' dir='ltr'><em>Τίυα;</em></span> 
     </span>
     <span class='ocr_line' id='line_1_8' title="bbox 234 640 1915 718; baseline 0.002 -16"><span class='ocrx_word' id='word_1_43' title='bbox 234 651 359 702; x_wconf 77' lang='grc' dir='ltr'><em>ΣΩ.</em></span> <span class='ocrx_word' id='word_1_44' title='bbox 419 652 471 702; x_wconf 93' lang='grc' dir='ltr'>Γ</span> <span class='ocrx_word' id='word_1_45' title='bbox 469 647 710 718; x_wconf 88' lang='grc' dir='ltr'><em>ύμνασαι</em></span> <span class='ocrx_word' id='word_1_46' title='bbox 729 654 980 717; x_wconf 75' lang='grc' dir='ltr'><em>πρῶτον,</em></span> <span class='ocrx_word' id='word_1_47' title='bbox 1003 640 1050 702; x_wconf 73' lang='grc' dir='ltr'><em>ὦ</em></span> <span class='ocrx_word' id='word_1_48' title='bbox 1066 646 1329 718; x_wconf 76' lang='grc' dir='ltr'><em>μακάριε,</em></span> <span class='ocrx_word' id='word_1_49' title='bbox 1362 646 1452 702; x_wconf 85' lang='grc' dir='ltr'><em>καὶ</em></span> <span class='ocrx_word' id='word_1_50' title='bbox 1472 645 1621 718; x_wconf 85' lang='grc' dir='ltr'><em>μάθε</em></span> <span class='ocrx_word' id='word_1_51' title='bbox 1641 643 1678 702; x_wconf 77' lang='grc' dir='ltr'><em>ὁὶ</em></span> <span class='ocrx_word' id='word_1_52' title='bbox 1696 649 1784 702; x_wconf 79' lang='grc' dir='ltr'><em>δεῖ</em></span> <span class='ocrx_word' id='word_1_53' title='bbox 1831 663 1865 706; x_wconf 91' lang='grc' dir='ltr'>Β</span> <span class='ocrx_word' id='word_1_54' title='bbox 1911 691 1915 693; x_wconf 55' lang='lat'><strong>&gt;</strong></span> 
     </span>
     <span class='ocr_line' id='line_1_9' title="bbox 0 725 1773 814; baseline -0.001 -30"><span class='ocrx_word' id='word_1_55' title='bbox 0 795 6 814; x_wconf 32' lang='grc' dir='ltr'>ι</span> <span class='ocrx_word' id='word_1_56' title='bbox 104 730 360 800; x_wconf 82' lang='grc' dir='ltr'><em>μαθόντα</em></span> <span class='ocrx_word' id='word_1_57' title='bbox 390 732 530 785; x_wconf 80' lang='grc' dir='ltr'><em>ἰέναι</em></span> <span class='ocrx_word' id='word_1_58' title='bbox 557 730 645 786; x_wconf 81' lang='grc' dir='ltr'><em>ἐπὶ</em></span> <span class='ocrx_word' id='word_1_59' title='bbox 673 729 738 784; x_wconf 82' lang='grc' dir='ltr'><em>τὰ</em></span> <span class='ocrx_word' id='word_1_60' title='bbox 767 737 864 801; x_wconf 85' lang='grc' dir='ltr'><em>τῆς</em></span> <span class='ocrx_word' id='word_1_61' title='bbox 892 729 1129 799; x_wconf 86' lang='grc' dir='ltr'><em>πόλεως,</em></span> <span class='ocrx_word' id='word_1_62' title='bbox 1169 728 1443 798; x_wconf 86' lang='grc' dir='ltr'><em>πρότερον</em></span> <span class='ocrx_word' id='word_1_63' title='bbox 1481 728 1540 784; x_wconf 74' lang='grc' dir='ltr'><em>δὲ</em></span> <span class='ocrx_word' id='word_1_64' title='bbox 1569 727 1671 800; x_wconf 85' lang='grc' dir='ltr'><em>μή,</em></span> <span class='ocrx_word' id='word_1_65' title='bbox 1707 725 1773 784; x_wconf 79' lang='grc' dir='ltr'><em>ἵν’</em></span> 
     </span>
     <span class='ocr_line' id='line_1_10' title="bbox 0 809 1521 925; baseline -0.001 -59"><span class='ocrx_word' id='word_1_66' title='bbox 0 837 5 925; x_wconf 76' lang='grc' dir='ltr'>Ι</span> <span class='ocrx_word' id='word_1_67' title='bbox 107 810 523 882; x_wconf 76' lang='grc' dir='ltr'><em>ἀλεξιφάρμακα</em></span> <span class='ocrx_word' id='word_1_68' title='bbox 542 816 682 883; x_wconf 84' lang='grc' dir='ltr'><em>ἔχων</em></span> <span class='ocrx_word' id='word_1_69' title='bbox 710 820 793 884; x_wconf 74' lang='grc' dir='ltr'><em>ἴῃς</em></span> <span class='ocrx_word' id='word_1_70' title='bbox 814 812 904 867; x_wconf 79' lang='grc' dir='ltr'><em>καὶ</em></span> <span class='ocrx_word' id='word_1_71' title='bbox 923 814 1096 882; x_wconf 77' lang='grc' dir='ltr'><em>μηδὲν</em></span> <span class='ocrx_word' id='word_1_72' title='bbox 1114 811 1302 883; x_wconf 81' lang='grc' dir='ltr'><em>πάθῃς</em></span> <span class='ocrx_word' id='word_1_73' title='bbox 1322 809 1521 866; x_wconf 90' lang='grc' dir='ltr'><em>δεινόν.</em></span> 
     </span>
     <span class='ocr_line' id='line_1_11' title="bbox 245 886 1780 965; baseline -0.001 -17"><span class='ocrx_word' id='word_1_74' title='bbox 245 899 361 949; x_wconf 83' lang='grc' dir='ltr'><em>ΑΛ.</em></span> <span class='ocrx_word' id='word_1_75' title='bbox 416 888 503 950; x_wconf 81' lang='grc' dir='ltr'><em>Εὖ</em></span> <span class='ocrx_word' id='word_1_76' title='bbox 521 915 613 965; x_wconf 89' lang='grc' dir='ltr'><em>μοι</em></span> <span class='ocrx_word' id='word_1_77' title='bbox 633 897 809 959; x_wconf 82' lang='grc' dir='ltr'><em>δοκεῖς</em></span> <span class='ocrx_word' id='word_1_78' title='bbox 826 895 1022 965; x_wconf 85' lang='grc' dir='ltr'><em>λέγειν,</em></span> <span class='ocrx_word' id='word_1_79' title='bbox 1047 886 1091 949; x_wconf 70' lang='grc' dir='ltr'><em>ὦ</em></span> <span class='ocrx_word' id='word_1_80' title='bbox 1109 892 1426 962; x_wconf 76' lang='grc' dir='ltr'><em>Σώκρατες·</em></span> <span class='ocrx_word' id='word_1_81' title='bbox 1450 890 1588 947; x_wconf 78' lang='grc' dir='ltr'><em>ἀλλὰ</em></span> <span class='ocrx_word' id='word_1_82' title='bbox 1607 898 1780 959; x_wconf 74' lang='grc' dir='ltr'><em>πειρῶ</em></span> 
     </span>
     <span class='ocr_line' id='line_1_12' title="bbox 104 972 1778 1046; baseline 0 -17"><span class='ocrx_word' id='word_1_83' title='bbox 104 978 432 1046; x_wconf 80' lang='grc' dir='ltr'><em>ἐξηγεῖσθαι,</em></span> <span class='ocrx_word' id='word_1_84' title='bbox 457 974 624 1031; x_wconf 83' lang='grc' dir='ltr'><em>ὅντιν’</em></span> <span class='ocrx_word' id='word_1_85' title='bbox 637 973 709 1030; x_wconf 69' lang='grc' dir='ltr'><em>ἄν</em></span> <span class='ocrx_word' id='word_1_86' title='bbox 727 975 937 1043; x_wconf 83' lang='grc' dir='ltr'><em>τρόπον</em></span> <span class='ocrx_word' id='word_1_87' title='bbox 958 978 1381 1046; x_wconf 82' lang='grc' dir='ltr'><em>ἐπιμεληθεῖμεν</em></span> <span class='ocrx_word' id='word_1_88' title='bbox 1402 972 1562 1046; x_wconf 78' lang='grc' dir='ltr'><em>ἡμῶν</em></span> <span class='ocrx_word' id='word_1_89' title='bbox 1576 972 1778 1029; x_wconf 75' lang='grc' dir='ltr'><em>αὐτῶν.</em></span> 
     </span>
     <span class='ocr_line' id='line_1_13' title="bbox 0 1055 1784 1130; baseline -0.003 -14"><span class='ocrx_word' id='word_1_90' title='bbox 0 1066 3 1116; x_wconf 85' lang='grc' dir='ltr'>Ι</span> <span class='ocrx_word' id='word_1_91' title='bbox 241 1063 366 1113; x_wconf 77' lang='grc' dir='ltr'><em>ΣΩ.</em></span> <span class='ocrx_word' id='word_1_92' title='bbox 425 1055 654 1114; x_wconf 83' lang='grc' dir='ltr'><em>Οὐκοῦν</em></span> <span class='ocrx_word' id='word_1_93' title='bbox 672 1063 942 1113; x_wconf 87' lang='grc' dir='ltr'><em>τοσοῦτον</em></span> <span class='ocrx_word' id='word_1_94' title='bbox 961 1058 1062 1128; x_wconf 79' lang='grc' dir='ltr'><em>μὲν</em></span> <span class='ocrx_word' id='word_1_95' title='bbox 1080 1055 1214 1130; x_wconf 76' lang='grc' dir='ltr'><em>ἡμῖν</em></span> <span class='ocrx_word' id='word_1_96' title='bbox 1233 1062 1308 1123; x_wconf 81' lang='grc' dir='ltr'><em>εἰς</em></span> <span class='ocrx_word' id='word_1_97' title='bbox 1324 1056 1385 1114; x_wconf 86' lang='grc' dir='ltr'>τό</span> <span class='ocrx_word' id='word_1_98' title='bbox 1409 1058 1664 1128; x_wconf 83' lang='grc' dir='ltr'><em>πρόσθεν</em></span> <span class='ocrx_word' id='word_1_99' title='bbox 1682 1077 1784 1112; x_wconf 88' lang='grc' dir='ltr'><em>πε-</em></span> 
     </span>
     <span class='ocr_line' id='line_1_14' title="bbox 105 1138 1780 1213; baseline 0.001 -19"><span class='ocrx_word' id='word_1_100' title='bbox 105 1143 395 1208; x_wconf 81' lang='grc' dir='ltr'><em>πέρανται·</em></span> <span class='ocrx_word' id='word_1_101' title='bbox 429 1138 461 1197; x_wconf 81' lang='grc' dir='ltr'><em>ὃ</em></span> <span class='ocrx_word' id='word_1_102' title='bbox 479 1138 587 1210; x_wconf 76' lang='grc' dir='ltr'><em>γὰρ</em></span> <span class='ocrx_word' id='word_1_103' title='bbox 611 1143 797 1212; x_wconf 80' lang='grc' dir='ltr'><em>ἐσμέν,</em></span> <span class='ocrx_word' id='word_1_104' title='bbox 819 1144 1067 1206; x_wconf 74' lang='grc' dir='ltr'><em>ἐπιεικῶς</em></span> <span class='ocrx_word' id='word_1_105' title='bbox 1087 1139 1431 1213; x_wconf 72' lang='grc' dir='ltr'><em>ὡμολόγηται</em></span> <span class='ocrx_word' id='word_1_106' title='bbox 1446 1162 1459 1176; x_wconf 87' lang='grc'><em>·</em></span> <span class='ocrx_word' id='word_1_107' title='bbox 1493 1139 1780 1213; x_wconf 88' lang='grc' dir='ltr'><em>φοβούμε-</em></span> 
     </span>
     <span class='ocr_line' id='line_1_15' title="bbox 107 1221 1780 1295; baseline 0 -17"><span class='ocrx_word' id='word_1_108' title='bbox 107 1230 186 1278; x_wconf 87' lang='grc' dir='ltr'><em>θα</em></span> <span class='ocrx_word' id='word_1_109' title='bbox 205 1226 269 1278; x_wconf 84' lang='grc' dir='ltr'><em>δέ</em></span> <span class='ocrx_word' id='word_1_110' title='bbox 281 1221 374 1294; x_wconf 75' lang='grc' dir='ltr'><em>μὴ,</em></span> <span class='ocrx_word' id='word_1_111' title='bbox 396 1223 600 1279; x_wconf 91' lang='grc' dir='ltr'><em>τούτου</em></span> <span class='ocrx_word' id='word_1_112' title='bbox 619 1226 918 1294; x_wconf 77' lang='grc' dir='ltr'><em>σφαλέντες</em></span> <span class='ocrx_word' id='word_1_113' title='bbox 930 1225 1194 1295; x_wconf 86' lang='grc' dir='ltr'><em>λάθωμεν</em></span> <span class='ocrx_word' id='word_1_114' title='bbox 1214 1226 1405 1295; x_wconf 83' lang='grc' dir='ltr'><em>ἑτέρου</em></span> <span class='ocrx_word' id='word_1_115' title='bbox 1421 1222 1571 1288; x_wconf 87' lang='grc' dir='ltr'><em>τινὸς</em></span> <span class='ocrx_word' id='word_1_116' title='bbox 1591 1225 1780 1294; x_wconf 82' lang='grc' dir='ltr'><em>ἐπιμε-</em></span> 
     </span>
    </p>
   </div>
   <div class='ocr_carea' id='block_1_4' title="bbox 402 1302 669 1322">
    <p class='ocr_par' dir='ltr' id='par_1_4' title="bbox 402 1302 669 1322">
     <span class='ocr_line' id='line_1_16' title="bbox 402 1302 669 1322; baseline 0 -1"><span class='ocrx_word' id='word_1_117' title='bbox 402 1302 414 1322; x_wconf 67' lang='grc' dir='ltr'><em>Ὶ</em></span> <span class='ocrx_word' id='word_1_118' title='bbox 485 1303 496 1320; x_wconf 69' lang='grc' dir='ltr'>ἱ</span> <span class='ocrx_word' id='word_1_119' title='bbox 572 1303 584 1318; x_wconf 70' lang='lat'>0</span> <span class='ocrx_word' id='word_1_120' title='bbox 656 1303 669 1321; x_wconf 65' lang='lat' dir='ltr'>f</span> 
     </span>
    </p>
   </div>
   <div class='ocr_carea' id='block_1_5' title="bbox 240 1386 752 1443">
    <p class='ocr_par' dir='ltr' id='par_1_5' title="bbox 240 1386 752 1443">
     <span class='ocr_line' id='line_1_17' title="bbox 240 1386 752 1443; baseline 0.004 -3"><span class='ocrx_word' id='word_1_121' title='bbox 240 1393 354 1443; x_wconf 87' lang='lat' dir='ltr'><em>AA.</em></span> <span class='ocrx_word' id='word_1_122' title='bbox 400 1386 547 1443; x_wconf 77' lang='grc' dir='ltr'><em>’Ἐστι</em></span> <span class='ocrx_word' id='word_1_123' title='bbox 566 1395 752 1443; x_wconf 83' lang='grc' dir='ltr'><em>ταῦτα.</em></span> 
     </span>
    </p>
   </div>
   <div class='ocr_carea' id='block_1_6' title="bbox 247 1468 1979 1544">
    <p class='ocr_par' dir='ltr' id='par_1_6' title="bbox 247 1448 2028 1544">
     <span class='ocr_line' id='line_1_18' title="bbox 247 1468 1979 1544; baseline 0.001 -21"><span class='ocrx_word' id='word_1_124' title='bbox 247 1474 371 1524; x_wconf 77' lang='grc' dir='ltr'><em>ΣΩ.</em></span> <span class='ocrx_word' id='word_1_125' title='bbox 428 1471 537 1525; x_wconf 85' lang='grc' dir='ltr'><em>Καὶ</em></span> <span class='ocrx_word' id='word_1_126' title='bbox 555 1468 689 1541; x_wconf 74' lang='grc' dir='ltr'><em>μετὰ</em></span> <span class='ocrx_word' id='word_1_127' title='bbox 711 1476 873 1527; x_wconf 86' lang='grc' dir='ltr'><em>τοῦτο</em></span> <span class='ocrx_word' id='word_1_128' title='bbox 896 1470 997 1543; x_wconf 84' lang='grc' dir='ltr'><em>ἤδη</em></span> <span class='ocrx_word' id='word_1_129' title='bbox 1018 1477 1112 1544; x_wconf 88' lang='grc' dir='ltr'><em>τῆς</em></span> <span class='ocrx_word' id='word_1_130' title='bbox 1135 1478 1306 1544; x_wconf 81' lang='grc' dir='ltr'><em>ψυχῆς</em></span> <span class='ocrx_word' id='word_1_131' title='bbox 1318 1474 1668 1543; x_wconf 80' lang='grc' dir='ltr'><em>ἐπιμελητέον</em></span> <span class='ocrx_word' id='word_1_132' title='bbox 1687 1471 1778 1527; x_wconf 84' lang='grc' dir='ltr'><em>καὶ</em></span> <span class='ocrx_word' id='word_1_133' title='bbox 1837 1487 1869 1529; x_wconf 87' lang='lat' dir='ltr'>c</span> <span class='ocrx_word' id='word_1_134' title='bbox 1895 1513 1907 1524; x_wconf 89' lang='lat'><strong>.</strong></span> <span class='ocrx_word' id='word_1_135' title='bbox 1975 1510 1979 1516; x_wconf 83' lang='lat'><em>-</em></span> 
     </span>
    </p>
   </div>
   <div class='ocr_carea' id='block_1_7' title="bbox 14 1554 1847 2862">
    <p class='ocr_par' dir='ltr' id='par_1_7' title="bbox 4 1554 1847 2690">
     <span class='ocr_line' id='line_1_19' title="bbox 107 1554 662 1623; baseline 0.002 -17"><span class='ocrx_word' id='word_1_136' title='bbox 107 1556 182 1615; x_wconf 78' lang='grc' dir='ltr'><em>εἰς</em></span> <span class='ocrx_word' id='word_1_137' title='bbox 200 1557 363 1606; x_wconf 87' lang='grc' dir='ltr'><em>τοῦτο</em></span> <span class='ocrx_word' id='word_1_138' title='bbox 381 1554 662 1623; x_wconf 81' lang='grc' dir='ltr'><em>βλεπτέον.</em></span> 
     </span>
     <span class='ocr_line' id='line_1_20' title="bbox 249 1639 622 1705; baseline 0.008 -18"><span class='ocrx_word' id='word_1_139' title='bbox 249 1639 363 1688; x_wconf 85' lang='grc' dir='ltr'><em>ΑΛ.</em></span> <span class='ocrx_word' id='word_1_140' title='bbox 416 1640 622 1705; x_wconf 81' lang='grc' dir='ltr'><em>Δῆλον.</em></span> 
     </span>
     <span class='ocr_line' id='line_1_21' title="bbox 245 1717 1783 1792; baseline 0.003 -21"><span class='ocrx_word' id='word_1_141' title='bbox 245 1720 370 1771; x_wconf 79' lang='grc' dir='ltr'><em>ΣΩ.</em></span> <span class='ocrx_word' id='word_1_142' title='bbox 433 1718 722 1788; x_wconf 86' lang='grc' dir='ltr'><em>Σωμάτων</em></span> <span class='ocrx_word' id='word_1_143' title='bbox 740 1719 901 1776; x_wconf 80' lang='grc' dir='ltr'><em>δὲκαὶ</em></span> <span class='ocrx_word' id='word_1_144' title='bbox 919 1720 1214 1792; x_wconf 86' lang='grc' dir='ltr'><em>χρημάτων</em></span> <span class='ocrx_word' id='word_1_145' title='bbox 1233 1717 1334 1791; x_wconf 84' lang='grc' dir='ltr'><em>τὴν</em></span> <span class='ocrx_word' id='word_1_146' title='bbox 1347 1720 1657 1792; x_wconf 82' lang='grc' dir='ltr'><em>ἐπιμέλειαν</em></span> <span class='ocrx_word' id='word_1_147' title='bbox 1669 1719 1783 1775; x_wconf 83' lang='grc' dir='ltr'><em>ἑτέ-</em></span> 
     </span>
     <span class='ocr_line' id='line_1_22' title="bbox 109 1801 602 1868; baseline 0.004 -15"><span class='ocrx_word' id='word_1_148' title='bbox 109 1819 226 1867; x_wconf 85' lang='grc' dir='ltr'><em>ροις</em></span> <span class='ocrx_word' id='word_1_149' title='bbox 244 1801 602 1868; x_wconf 76' lang='grc' dir='ltr'><em>παραδοτέον.</em></span> 
     </span>
     <span class='ocr_line' id='line_1_23' title="bbox 249 1882 651 1954; baseline 0.01 -20"><span class='ocrx_word' id='word_1_150' title='bbox 249 1885 368 1935; x_wconf 88' lang='grc' dir='ltr'><em>ΑΛ.</em></span> <span class='ocrx_word' id='word_1_151' title='bbox 430 1887 500 1937; x_wconf 89' lang='grc' dir='ltr'><em>Τί</em></span> <span class='ocrx_word' id='word_1_152' title='bbox 513 1882 651 1954; x_wconf 85' lang='grc' dir='ltr'><em>μήν;</em></span> 
     </span>
     <span class='ocr_line' id='line_1_24' title="bbox 245 1957 1782 2036; baseline 0.003 -19"><span class='ocrx_word' id='word_1_153' title='bbox 245 1965 370 2017; x_wconf 75' lang='grc' dir='ltr'><em>ΣΩ.</em></span> <span class='ocrx_word' id='word_1_154' title='bbox 431 1960 541 2018; x_wconf 81' lang='grc' dir='ltr'><em>Τίν’</em></span> <span class='ocrx_word' id='word_1_155' title='bbox 565 1957 671 2019; x_wconf 80' lang='grc' dir='ltr'><em>οὖν</em></span> <span class='ocrx_word' id='word_1_156' title='bbox 689 1960 762 2020; x_wconf 75' lang='grc' dir='ltr'><em>ἄν</em></span> <span class='ocrx_word' id='word_1_157' title='bbox 780 1964 989 2036; x_wconf 85' lang='grc' dir='ltr'><em>τρόπον</em></span> <span class='ocrx_word' id='word_1_158' title='bbox 1007 1970 1271 2036; x_wconf 76' lang='grc' dir='ltr'><em>γνοίημεν</em></span> <span class='ocrx_word' id='word_1_159' title='bbox 1290 1962 1431 2021; x_wconf 82' lang='grc' dir='ltr'><em>αὐτὰ</em></span> <span class='ocrx_word' id='word_1_160' title='bbox 1451 1967 1782 2036; x_wconf 83' lang='grc' dir='ltr'><em>ἐναργέστα-</em></span> 
     </span>
     <span class='ocr_line' id='line_1_25' title="bbox 109 2041 1781 2119; baseline 0.004 -22"><span class='ocrx_word' id='word_1_161' title='bbox 109 2063 203 2107; x_wconf 83' lang='grc' dir='ltr'><em>τα;</em></span> <span class='ocrx_word' id='word_1_162' title='bbox 238 2041 420 2115; x_wconf 78' lang='grc' dir='ltr'><em>ἐπειδὴ</em></span> <span class='ocrx_word' id='word_1_163' title='bbox 442 2051 607 2101; x_wconf 86' lang='grc' dir='ltr'><em>τοῦτο</em></span> <span class='ocrx_word' id='word_1_164' title='bbox 626 2046 879 2117; x_wconf 79' lang='grc' dir='ltr'><em>γνόντες,</em></span> <span class='ocrx_word' id='word_1_165' title='bbox 921 2043 993 2111; x_wconf 75' lang='grc' dir='ltr'><em>ὥς</em></span> <span class='ocrx_word' id='word_1_166' title='bbox 1012 2050 1215 2116; x_wconf 82' lang='grc' dir='ltr'><em>ἔοικεν,</em></span> <span class='ocrx_word' id='word_1_167' title='bbox 1247 2043 1390 2118; x_wconf 82' lang='grc' dir='ltr'><em>ἡμᾶς</em></span> <span class='ocrx_word' id='word_1_168' title='bbox 1406 2044 1610 2113; x_wconf 75' lang='grc' dir='ltr'><em>αὐτούς</em></span> <span class='ocrx_word' id='word_1_169' title='bbox 1630 2069 1781 2119; x_wconf 84' lang='grc' dir='ltr'><em>γνω-</em></span> 
     </span>
     <span class='ocr_line' id='line_1_26' title="bbox 110 2121 1783 2203; baseline 0.004 -23"><span class='ocrx_word' id='word_1_170' title='bbox 110 2125 344 2196; x_wconf 83' lang='grc' dir='ltr'><em>σόμεθα.</em></span> <span class='ocrx_word' id='word_1_171' title='bbox 396 2121 506 2195; x_wconf 83' lang='grc' dir='ltr'><em>ἆρα</em></span> <span class='ocrx_word' id='word_1_172' title='bbox 540 2128 679 2195; x_wconf 88' lang='grc' dir='ltr'><em>πρὸς</em></span> <span class='ocrx_word' id='word_1_173' title='bbox 706 2135 862 2184; x_wconf 81' lang='grc' dir='ltr'><em>θεῶν</em></span> <span class='ocrx_word' id='word_1_174' title='bbox 890 2122 955 2183; x_wconf 82' lang='grc' dir='ltr'><em>εὖ</em></span> <span class='ocrx_word' id='word_1_175' title='bbox 992 2130 1249 2198; x_wconf 85' lang='grc' dir='ltr'><em>λέγοντος</em></span> <span class='ocrx_word' id='word_1_176' title='bbox 1278 2122 1351 2184; x_wconf 82' lang='grc' dir='ltr'><em>οὗ</em></span> <span class='ocrx_word' id='word_1_177' title='bbox 1377 2133 1486 2184; x_wconf 88' lang='grc' dir='ltr'><em>νῦν</em></span> <span class='ocrx_word' id='word_1_178' title='bbox 1515 2127 1581 2202; x_wconf 81' lang='grc' dir='ltr'><em>δὴ</em></span> <span class='ocrx_word' id='word_1_179' title='bbox 1613 2130 1783 2203; x_wconf 76' lang='grc' dir='ltr'><em>ἐμνή-</em></span> 
     </span>
     <span class='ocr_line' id='line_1_27' title="bbox 109 2207 1476 2281; baseline 0.003 -20"><span class='ocrx_word' id='word_1_180' title='bbox 109 2213 328 2278; x_wconf 85' lang='grc' dir='ltr'><em>σθημεν</em></span> <span class='ocrx_word' id='word_1_181' title='bbox 346 2214 447 2262; x_wconf 90' lang='grc' dir='ltr'><em>τοῦ</em></span> <span class='ocrx_word' id='word_1_182' title='bbox 465 2215 755 2279; x_wconf 84' lang='grc' dir='ltr'><em>Δελφικοῦ</em></span> <span class='ocrx_word' id='word_1_183' title='bbox 774 2209 1089 2280; x_wconf 85' lang='grc' dir='ltr'><em>γράμματος</em></span> <span class='ocrx_word' id='word_1_184' title='bbox 1107 2207 1177 2265; x_wconf 88' lang='grc' dir='ltr'><em>ού</em></span> <span class='ocrx_word' id='word_1_185' title='bbox 1199 2213 1476 2281; x_wconf 75' lang='grc' dir='ltr'><em>ξυνιέμενς</em></span> 
     </span>
     <span class='ocr_line' id='line_1_28' title="bbox 252 2286 1782 2363; baseline 0.003 -20"><span class='ocrx_word' id='word_1_186' title='bbox 252 2295 365 2344; x_wconf 84' lang='grc' dir='ltr'><em>ΑΛ.</em></span> <span class='ocrx_word' id='word_1_187' title='bbox 430 2288 503 2345; x_wconf 87' lang='grc' dir='ltr'><em>Τὸ</em></span> <span class='ocrx_word' id='word_1_188' title='bbox 524 2290 685 2346; x_wconf 78' lang='grc' dir='ltr'><em>ποτόν</em></span> <span class='ocrx_word' id='word_1_189' title='bbox 702 2313 754 2347; x_wconf 88' lang='grc' dir='ltr'><em>τι</em></span> <span class='ocrx_word' id='word_1_190' title='bbox 774 2290 1169 2362; x_wconf 85' lang='grc' dir='ltr'><em>διανοούμενος</em></span> <span class='ocrx_word' id='word_1_191' title='bbox 1188 2294 1378 2363; x_wconf 79' lang='grc' dir='ltr'><em>λέγεις,</em></span> <span class='ocrx_word' id='word_1_192' title='bbox 1404 2286 1447 2348; x_wconf 75' lang='grc' dir='ltr'><em>ὦ</em></span> <span class='ocrx_word' id='word_1_193' title='bbox 1460 2290 1782 2362; x_wconf 75' lang='grc' dir='ltr'><em>Σώκρατεςς</em></span> 
     </span>
     <span class='ocr_line' id='line_1_29' title="bbox 245 2369 1847 2446; baseline 0.001 -20"><span class='ocrx_word' id='word_1_194' title='bbox 245 2375 368 2427; x_wconf 76' lang='grc' dir='ltr'><em>ΣΩ.</em></span> <span class='ocrx_word' id='word_1_195' title='bbox 419 2369 553 2442; x_wconf 73' lang='grc' dir='ltr'><em>Ἐγώ</em></span> <span class='ocrx_word' id='word_1_196' title='bbox 583 2390 669 2428; x_wconf 90' lang='grc' dir='ltr'><em>σοι</em></span> <span class='ocrx_word' id='word_1_197' title='bbox 706 2373 931 2445; x_wconf 85' lang='grc' dir='ltr'><em>φράσω,</em></span> <span class='ocrx_word' id='word_1_198' title='bbox 971 2372 1005 2428; x_wconf 82' lang='grc' dir='ltr'>ὅ</span> <span class='ocrx_word' id='word_1_199' title='bbox 1040 2395 1102 2445; x_wconf 87' lang='grc' dir='ltr'><em>γε</em></span> <span class='ocrx_word' id='word_1_200' title='bbox 1138 2370 1434 2431; x_wconf 82' lang='grc' dir='ltr'><em>ὑποπτεύω</em></span> <span class='ocrx_word' id='word_1_201' title='bbox 1471 2375 1649 2446; x_wconf 78' lang='grc' dir='ltr'><em>λέγειν</em></span> <span class='ocrx_word' id='word_1_202' title='bbox 1689 2377 1780 2432; x_wconf 83' lang='grc' dir='ltr'><em>καὶ</em></span> <span class='ocrx_word' id='word_1_203' title='bbox 1814 2386 1847 2427; x_wconf 88' lang='lat' dir='ltr'>D</span> 
     </span>
     <span class='ocr_line' id='line_1_30' title="bbox 109 2453 1779 2531; baseline 0.004 -23.586"><span class='ocrx_word' id='word_1_204' title='bbox 109 2453 513 2525; x_wconf 83' lang='grc' dir='ltr'><em>συμβουλεύειν</em></span> <span class='ocrx_word' id='word_1_205' title='bbox 548 2453 683 2527; x_wconf 78' lang='grc' dir='ltr'><em>ἡμῖν</em></span> <span class='ocrx_word' id='word_1_206' title='bbox 719 2461 884 2512; x_wconf 89' lang='grc' dir='ltr'><em>τοῦτο</em></span> <span class='ocrx_word' id='word_1_207' title='bbox 921 2456 981 2513; x_wconf 86' lang='grc' dir='ltr'><em>τὸ</em></span> <span class='ocrx_word' id='word_1_208' title='bbox 1022 2458 1261 2529; x_wconf 84' lang='grc' dir='ltr'><em>γράμμα.</em></span> <span class='ocrx_word' id='word_1_209' title='bbox 1320 2459 1636 2515; x_wconf 80' lang='grc' dir='ltr'><em>κινδυνεύει</em></span> <span class='ocrx_word' id='word_1_210' title='bbox 1671 2459 1779 2531; x_wconf 79' lang='grc' dir='ltr'><em>γὰρ</em></span> 
     </span>
     <span class='ocr_line' id='line_1_31' title="bbox 19 2533 1781 2613; baseline 0.004 -23"><span class='ocrx_word' id='word_1_211' title='bbox 19 2538 27 2579; x_wconf 66' lang='lat'><em>7</em></span> <span class='ocrx_word' id='word_1_212' title='bbox 108 2533 238 2593; x_wconf 76' lang='grc' dir='ltr'><em>οὐδὲ</em></span> <span class='ocrx_word' id='word_1_213' title='bbox 271 2543 552 2608; x_wconf 85' lang='grc' dir='ltr'><em>πολλαχοῦ</em></span> <span class='ocrx_word' id='word_1_214' title='bbox 581 2537 719 2595; x_wconf 80' lang='grc' dir='ltr'><em>εἶναι</em></span> <span class='ocrx_word' id='word_1_215' title='bbox 749 2539 1093 2611; x_wconf 85' lang='grc' dir='ltr'><em>παράδειγμα</em></span> <span class='ocrx_word' id='word_1_216' title='bbox 1122 2538 1325 2613; x_wconf 83' lang='grc' dir='ltr'><em>αὐτοῦ,</em></span> <span class='ocrx_word' id='word_1_217' title='bbox 1364 2538 1502 2597; x_wconf 79' lang='grc' dir='ltr'><em>ἀλλὰ</em></span> <span class='ocrx_word' id='word_1_218' title='bbox 1522 2538 1660 2597; x_wconf 78' lang='grc' dir='ltr'><em>κατά</em></span> <span class='ocrx_word' id='word_1_219' title='bbox 1678 2539 1781 2613; x_wconf 86' lang='grc' dir='ltr'><em>τὴν</em></span> 
     </span>
     <span class='ocr_line' id='line_1_32' title="bbox 14 2617 448 2690; baseline -0.005 -14"><span class='ocrx_word' id='word_1_220' title='bbox 14 2636 17 2637; x_wconf 72' lang='grc'>’</span> <span class='ocrx_word' id='word_1_221' title='bbox 105 2617 234 2685; x_wconf 80' lang='grc' dir='ltr'><em>ὄψιν</em></span> <span class='ocrx_word' id='word_1_222' title='bbox 256 2619 448 2690; x_wconf 86' lang='grc' dir='ltr'><em>μόνον.</em></span> 
     </span>
    </p>

    <p class='ocr_par' dir='ltr' id='par_1_8' title="bbox 245 2703 947 2772">
     <span class='ocr_line' id='line_1_33' title="bbox 245 2703 947 2772; baseline 0.004 -17"><span class='ocrx_word' id='word_1_223' title='bbox 245 2706 362 2756; x_wconf 86' lang='lat' dir='ltr'><em>AA.</em></span> <span class='ocrx_word' id='word_1_224' title='bbox 419 2706 549 2767; x_wconf 76' lang='grc' dir='ltr'><em>Πῶς</em></span> <span class='ocrx_word' id='word_1_225' title='bbox 568 2707 730 2757; x_wconf 88' lang='grc' dir='ltr'><em>τοῦτο</em></span> <span class='ocrx_word' id='word_1_226' title='bbox 751 2703 947 2772; x_wconf 73' lang='grc' dir='ltr'><em>λέγειςς</em></span> 
     </span>
    </p>

    <p class='ocr_par' dir='ltr' id='par_1_9' title="bbox 244 2784 1778 2862">
     <span class='ocr_line' id='line_1_34' title="bbox 244 2784 1778 2862; baseline 0.003 -23"><span class='ocrx_word' id='word_1_227' title='bbox 244 2787 467 2841; x_wconf 82' lang='lat' dir='ltr'>xxvm.</span> <span class='ocrx_word' id='word_1_228' title='bbox 537 2789 659 2839; x_wconf 76' lang='grc' dir='ltr'><em>ΣΩ.</em></span> <span class='ocrx_word' id='word_1_229' title='bbox 718 2785 930 2840; x_wconf 84' lang='grc' dir='ltr'><em>Σκόπει</em></span> <span class='ocrx_word' id='word_1_230' title='bbox 961 2786 1051 2842; x_wconf 81' lang='grc' dir='ltr'><em>καὶ</em></span> <span class='ocrx_word' id='word_1_231' title='bbox 1082 2785 1170 2841; x_wconf 85' lang='grc' dir='ltr'><em>σύ.</em></span> <span class='ocrx_word' id='word_1_232' title='bbox 1213 2790 1261 2843; x_wconf 83' lang='grc' dir='ltr'><em>εἰ</em></span> <span class='ocrx_word' id='word_1_233' title='bbox 1290 2784 1447 2859; x_wconf 76' lang='grc' dir='ltr'><em>ἡμῶν</em></span> <span class='ocrx_word' id='word_1_234' title='bbox 1475 2794 1552 2862; x_wconf 74' lang='grc' dir='ltr'><em>τῷ</em></span> <span class='ocrx_word' id='word_1_235' title='bbox 1581 2786 1778 2860; x_wconf 84' lang='grc' dir='ltr'><em>ὄμματι</em></span> 
     </span>
    </p>
   </div>
  </div>
 </body>
</html>
