2028 3198
27 0 57 115 ξ
123 19 184 108 ‘⁷³
446 16 1001 106 AAKIBIAAIiz'
1030 52 1480 102 ΔΕΥΤΕΡΟΣ.
1706 47 1809 101 343

127 187 324 260 μάτην,
343 196 499 254 θεοῖς
517 185 965 259 ἀπηχθημένους.
987 183 1056 243 ού
1071 187 1180 258 γάρ
1192 229 1208 259 ,
1230 185 1398 258 οἶμαι,
1416 183 1675 242 τοιοῦτόν
1697 186 1811 240 ε’στι

131 269 191 326 τὸ
220 277 336 327 ταῖν
362 277 546 339 θεῶν,
584 269 723 326 ὥστε
751 266 858 325 ὑπὸ
892 267 1091 339 δώρων
1119 269 1472 340 παράγεσθαι
1491 265 1612 325 οἷον
1630 265 1808 324 κακὸν

36 341 47 351 ’
126 353 386 425 τοκιστήν
399 375 410 386 ·
431 350 569 409 ἀλλὰ
588 355 680 408 καὶ
699 349 854 423 ἡμεῖς
874 349 1052 424 εὐήθη
1071 351 1243 423 λόγον
1261 355 1511 423 λέγομεν,
1534 349 1816 416 ἀξιοῦντες

127 438 582 506 Λακεδαιμονίων
610 435 784 507 ταύτῃ
813 447 1092 503 περιεῖναι.
1132 436 1224 491 καὶ
1249 433 1357 505 γάρ
1390 429 1463 489 ἂν
1494 432 1683 490 δεινὰν
1711 440 1811 504 εἴη,

125 522 180 572 εἰ
201 516 342 587 πρὸς
368 515 435 572 τὰ
458 520 611 588 δῶρα
639 518 731 573 καὶ
759 517 855 582 τὰς
883 523 1088 583 θυσίας
1116 515 1531 590 ἀποβλέπουσιν
1564 514 1725 589 ἡμῶν
1762 519 1819 571 οἰ

125 605 278 670 θεοί,
317 598 456 656 ἀλλά
488 598 562 671 μὴ
585 598 725 670 πρὸς
751 600 853 671 τὴν
874 599 1062 671 ψυχήν
1077 643 1091 669 ,
1129 599 1201 656 ἅν
1219 623 1299 665 τις
1322 598 1473 665 ὅσιος
1491 601 1582 655 καὶ
1603 603 1814 663 δίκαιος

127 678 212 737 ὥν
227 682 490 755 τυγχάνῃ.
524 689 713 756 πολλῷ
731 703 795 752 γε
813 689 1054 754 μᾶλλον,
1093 681 1267 754 οἶμαι,
1306 679 1343 754 ἦ
1363 680 1501 753 πρὸς
1518 679 1616 748 τὰς
1636 688 1814 737 πολυ-
1845 690 1936 734 150

125 772 296 829 τελεῖς
324 765 527 830 ταύτας
554 765 779 835 πομπάς
815 786 872 820 τε
908 766 1000 821 καὶ
1031 771 1260 834 θυσίας,
1299 762 1364 831 ἃς
1404 762 1571 822 οὐδὲν
1608 764 1814 821 κωλύει

124 847 301 905 πολλὰ
328 852 430 920 μὲν
462 853 539 914 εἰς
564 847 761 918 θεούς,
800 845 976 903 πολλοὶ
1007 846 1062 902 δ’
1095 851 1171 912 είς
1198 845 1542 916 ἀνθρώπους
1565 848 1813 920 ἡμαρτη-

125 931 292 994 κότας
326 933 419 986 καὶ
449 930 675 1001 ἰδιώτην
708 931 799 986 καὶ
827 930 993 985 πόλιν
1021 932 1164 999 ἔχειν
1192 928 1287 984 ἀν’
1317 931 1554 985 ἕκαστον
1585 935 1704 996 ἔτος
1723 952 1815 985 τε-

125 1018 270 1068 λεῖν·
318 1015 377 1067 oc
410 1015 497 1080 δέ,
545 1010 640 1067 ἅτε
674 1008 744 1067 ού
783 1011 1092 1082 δωροδόκοι
1129 1011 1311 1083 ὅντες,
1358 1021 1814 1086 καταφρονοῦσιν

122 1091 394 1150 ἁπάντων
412 1094 659 1165 τούτων,
699 1093 774 1159 ὥς
804 1111 975 1166 φησιν
1003 1091 1032 1150 ὁ
1062 1092 1198 1159 θεὸς
1225 1095 1316 1150 καὶ
1335 1102 1490 1150 θεῶν
1508 1094 1812 1166 προφήτης.

128 1175 445 1232 κινδυνεύει
462 1182 606 1246 γοῦν
625 1178 717 1232 καὶ
746 1176 896 1247 παρὰ
916 1185 1069 1242 θεοῖς
1088 1180 1179 1233 καὶ
1203 1175 1333 1248 παρ’
1357 1175 1683 1247 ἀνθρώποις
1701 1190 1814 1244 τοῖς

129 1265 271 1314 νοῦν
291 1263 478 1329 ἔχουσι
497 1258 820 1332 δικαιοσύνη
842 1283 898 1316 τε
918 1262 1010 1317 καὶ
1030 1259 1301 1333 φρόνησις
1329 1262 1705 1333 διαφερόντως
1723 1283 1814 1318 τε-

136 1349 425 1413 τιμῆσθαι·
466 1342 731 1414 φρόνιμοι
755 1344 815 1399 δὲ
846 1346 937 1400 καὶ
969 1347 1171 1400 δίκαιοι
1200 1343 1305 1400 οὐκ
1337 1345 1495 1401 ἄλλοι
1512 1346 1657 1410 τινές
1677 1350 1815 1400 εἰσιν
1849 1362 1880 1402 Β

132 1422 163 1497 ἢ
192 1432 304 1480 τῶν
337 1425 569 1480 εἰδότων
598 1424 635 1481 ἃ
666 1431 753 1483 δεῖ
774 1427 1034 1496 πράττειν
1057 1430 1147 1483 καὶ
1178 1431 1358 1498 λέγειν
1376 1426 1514 1498 πρὸς
1531 1426 1703 1491 θεοὺς
1723 1428 1814 1483 καὶ

126 1506 268 1577 πρὸς
288 1505 642 1577 ἀνθρώπους.
665 1514 974 1581 βουλοίμην
996 1508 1047 1564 δ’
1070 1509 1140 1566 ἄν
1159 1513 1252 1567 καὶ
1273 1517 1379 1566 σοῦ
1398 1513 1685 1566 πυθέσθαι
1708 1508 1740 1566 ὅ
1759 1516 1815 1565 τί

127 1611 258 1646 ποτε
277 1594 337 1646 ἐν
354 1596 436 1664 νῷ
455 1595 590 1660 ἔχεις
609 1591 747 1661 πρὸς
767 1599 954 1650 ταῦτα.

269 1679 385 1729 Α.Λ
442 1672 584 1729 Ἀλλ’
613 1676 758 1745 ἐμοί,
799 1698 841 1730 ω
864 1676 1185 1746 Σώκρατες,
1226 1674 1330 1732 οὐκ
1351 1676 1491 1749 ἄλλῃ
1510 1697 1586 1750 πῃ
1607 1671 1803 1732 δοκεῖ
1775 1675 1813 1747 η’

129 1775 268 1825 ῃπερ
289 1763 380 1810 σοί
396 1777 452 1810 τε
474 1758 662 1831 καὶτῷ
680 1764 825 1813 θεω·
859 1757 988 1815 οὐδε
1006 1759 1112 1830 γὰρ
1134 1756 1207 1814 ἀν
1227 1759 1372 1824 εἰκὸς
1394 1767 1474 1830 εἰη
1495 1757 1813 1831 ἀντίψηφον

123 1837 218 1908 ἐμε
238 1860 312 1893 τω
330 1845 449 1913 θεῷ
468 1842 742 1908 γενέσθαι

264 1926 388 1977 ΣΩ.
450 1919 679 1977 Οὐκοῦν
693 1924 965 1994 μέμνησαι
984 1925 1045 1977 ἐν
1061 1927 1240 1994 πολλῇ
1262 1921 1465 1996 ἀπορίᾳ
1486 1922 1721 1994 φάσκων
1740 1921 1818 1979 εἷ-

124 2026 244 2074 ναι,
282 2002 430 2069 ὅπως
458 2004 531 2075 μὴ
566 2005 747 2078 λάθῃς
767 2003 1006 2062 σεαυτὸν
1024 2004 1320 2078 εὐχόμενος
1336 2007 1507 2074 κακά,
1547 2010 1734 2062 δοκών
1753 2008 1812 2063 δὲ
1847 2021 1880 2062 G

123 2083 341 2156 ἀγαθάς

267 2174 385 2224 ΑΛ.
423 2166 646 2238 Ἔγωγε.

266 2256 390 2307 ΣΩ.
440 2249 600 2324 Ὁρᾷς
640 2245 763 2321 οὖν,
805 2249 877 2316 ὡς
917 2253 1021 2309 οὐκ
1061 2252 1306 2323 ἀσφαλές
1335 2257 1427 2309 σοί
1451 2254 1599 2309 ἐστιν
1627 2254 1816 2309 ἐλθεῖν

124 2332 264 2403 πρὸς
283 2333 381 2389 τὸν
400 2332 541 2390 θεὸν
562 2332 873 2408 εὐξομένῳ,
912 2339 1007 2391 ἵνα
1038 2334 1169 2406 μηδ’
1202 2330 1273 2390 ἀν
1306 2333 1453 2390 οὕτω
1473 2334 1638 2407 τύχῃ,
1677 2341 1817 2406 βλα-

124 2418 482 2488 σφημοῦντός
520 2435 625 2473 σου
663 2416 887 2473 ἀκούων
917 2416 1092 2474 οὐθὲν
1119 2416 1446 2487 ἀποδέξηται
1485 2422 1577 2487 τῆς
1611 2422 1814 2481 θυσίας

124 2501 325 2571 ταύτης
339 2543 351 2567 ,
391 2499 562 2571 τυχὸν
583 2502 639 2557 δὲ
662 2504 753 2557 καὶ
774 2502 967 2569 ἕτερόν
986 2523 1036 2556 τι
1056 2499 1537 2572 προσαπολαύσῃς.
1577 2501 1693 2570 ἐμοὶ
1712 2503 1814 2571 μὲν

126 2577 232 2638 οὖν
263 2587 419 2639 δοκεῖ
444 2587 728 2655 βέλτιστον
758 2583 897 2640 εἶναι
918 2582 1149 2655 ἡσυχίαν
1171 2587 1325 2654 ἔχειν.
1357 2590 1422 2655 τῇ
1442 2586 1544 2654 μὲν
1568 2582 1675 2653 γὰρ
1695 2589 1814 2637 Λα-

124 2671 494 2738 κεδαιμονίων
525 2666 656 2739 εὐχῇ
687 2666 776 2722 διὰ
807 2666 910 2737 τὴν
947 2671 1360 2737 μεγαλοψυχίαν
1397 2697 1466 2706 -—
1505 2671 1668 2719 τοῦτο
1705 2662 1814 2734 γὰρ

129 2749 418 2806 κάλλιστον
449 2757 560 2806 τῶν
590 2754 650 2805 ἐν
680 2749 974 2823 ἀφροσύνῃ
1011 2747 1304 2820 ὀνομάτων
1338 2782 1397 2790 -
1432 2746 1535 2803 οὐκ
1564 2745 1637 2802 ἀν
1667 2745 1821 2818 οἶμαί
