2028 3198
426 0 660 42 ·Ja-vrv-czr
651 0 777 39 5⁸2⁶-
748 0 1042 52 -zff-rw
1056 0 1304 37 <fif-''ss''
1343 0 1351 3 '
1390 4 1396 8 ·

685 114 1079 165 ΦΙΛΗΒΟΣ.
1620 115 1723 168 123

185 250 307 301 ΣΩ.
369 242 488 301 Τίν’
521 239 654 317 οὖν,
694 267 737 300 ω
768 247 1096 318 Πρώταρχε,
1136 246 1287 323 αὐτῷ
1323 251 1547 320 δίδομεν
1577 247 1722 306 ἀπό-

38 343 249 393 κρισινς

180 413 350 463 ΠΡΩ.
398 400 462 462 Ὠ
481 407 804 477 Σώκρατες,
831 413 907 473 εἰς
924 409 1255 480 θαυμαστὸν
1275 415 1545 482 διαφορᾶς
1562 417 1725 483 μέγε-

43 498 147 554 θος
164 494 241 554 εἰς
257 489 566 560 σαφήνειαν
583 490 1046 562 προεληλύθαμεν
1066 493 1393 563 ἐπιστημῶν.

181 573 305 624 ΣΩ.
365 567 594 625 Οὐκοῦν
613 569 1072 642 ἀποκρινούμεθα
1090 575 1258 647 §giem

178 655 348 706 ΠΡΩ.
410 658 476 706 Τι’
503 652 641 723 μήν;
678 654 768 708 καὶ
796 654 1041 724 εἰρήσθω
1071 675 1134 724 γε
1165 653 1248 709 ὅτι
1278 655 1420 710 πολὺ
1439 655 1540 725 μὲν
1560 649 1721 711 αὗται

38 739 152 787 τῶν
170 731 359 788 ἄλλων
376 739 587 803 τεχνῶν
607 737 962 805 διαφέρουσι,
999 735 1219 790 τούτων
1239 735 1293 790 δ’
1317 734 1502 791 αὐτῶν
1524 740 1584 791 αἱ
1599 740 1722 806 περὶ

37 814 142 884 τὴν
158 820 272 868 τῶν
291 812 464 879 ὄντως
483 814 951 885 φιλοσοφούντων
970 813 1151 887 ὁρμὴν
1165 815 1451 888 ἀμήχανον
1470 815 1720 890 ἀκριβείᾳ
1750 826 1785 867 D

37 917 95 950 τε
123 898 215 951 καὶ
243 894 475 969 ἀληθείᾳ
505 898 627 965 περὶ
649 899 817 966 μέτρα
847 918 906 951 τε
934 900 1023 953 καὶ
1044 897 1318 968 ἀριθμοὺς
1338 901 1713 968 διαφέρουσιν.

176 981 301 1031 ΣΩ.
343 975 519 1031 ’Έστω
547 984 718 1031 ταῦτα
748 977 885 1032 κατὰ
917 981 1004 1049 σέ,
1045 982 1135 1034 καὶ
1167 981 1252 1035 σοὶ
1283 980 1348 1050 δὴ
1370 979 1718 1044 πιστεύοντες

36 1064 382 1125 θαρροῦντες
412 1057 833 1130 ἀποκρινόμεθα
868 1073 980 1125 τοῖς
1018 1065 1216 1127 δεινοῖς
1253 1063 1375 1130 περὶ
1406 1061 1592 1132 λόγων
1621 1059 1718 1117 ὁλ-

36 1138 144 1209 κήν
160 1172 231 1180 -

177 1228 344 1278 ΠΡΩ.
407 1222 479 1278 Τὸ
502 1236 690 1289 ποῖον;

179 1309 303 1359 ΣΩ.
351 1301 442 1369 Ὡς
474 1308 574 1361 εἰσὶ
605 1307 706 1362 δύο
741 1306 1099 1378 ἀριθμητικαὶ
1134 1310 1224 1364 καὶ
1265 1308 1367 1364 δύο
1405 1312 1718 1380 μετρητικαὶ

34 1386 122 1438 καὶ
150 1386 374 1451 ταύταις
402 1385 564 1442 ἄλλαι
594 1388 965 1459 συνεπόμεναι
996 1396 1217 1460 συχναί,
1253 1388 1356 1462 τὴν
1386 1391 1717 1462 ὃιὸυμότητα

37 1470 257 1536 ἔχουσαι
275 1468 509 1539 ταύτην,
530 1468 798 1541 ὀνόματος
817 1472 875 1527 δὲ
895 1473 1020 1537 ἑνός
1039 1475 1448 1543 κεκοινωμέναι.

174 1554 343 1605 ΠΡΩ.
399 1556 660 1623 Διὸὦμεν
686 1554 822 1626 τύχῃ
852 1552 1043 1626 ἀγαθῇ
1071 1555 1313 1624 τούτοις,
1352 1551 1449 1619 οὕς
1468 1553 1576 1627 φῂς
1605 1557 1717 1610 δει-
1748 1568 1780 1608 Ε

35 1632 169 1696 νούς
188 1630 325 1687 εἶναι
339 1676 351 1699 ,
371 1636 579 1705 ταύτην
597 1636 700 1707 τὴν
718 1636 1014 1704 ἀπόκρισιν
1027 1679 1040 1703 ,
1065 1630 1109 1691 ὦ
1128 1637 1438 1706 Σώκρατες.

177 1719 300 1769 ΣΩ.
364 1718 576 1782 Ταύτας
605 1713 709 1773 οὖν
747 1724 979 1788 λέγομεν
1010 1718 1305 1790 ἐπιστήμας
1333 1717 1576 1790 ἀκριβεῖς
1604 1721 1713 1790 μά-

35 1801 190 1850 λιστα
215 1795 376 1861 εἷναι;

173 1881 342 1933 ΠΡΩ.
394 1880 558 1935 Πάνυ
576 1882 677 1951 μὲν
697 1878 814 1938 οὖν.

173 1966 298 2016 ΣΩ.
351 1959 492 2018 Ἀλλ’
514 1960 681 2034 ἡμᾶς,
722 1958 767 2019 ὦ
789 1965 1117 2037 Πρώταρχε,
1157 1964 1428 2021 ἀναίνοιτ’
1459 1965 1531 2021 ἂν
1556 1963 1589 2036 ἡ
1611 1973 1711 2020 τοῦ

32 2043 386 2112 διαλέγεσθαι
405 2045 637 2116 δύναμις
651 2089 664 2114 ,
687 2055 742 2102 εἴ
753 2069 874 2103 τινα
895 2047 1000 2117 πρὸ
1023 2046 1191 2119 αὐτῆς
1211 2047 1387 2118 ἄλλην
1405 2052 1708 2117 κρίναιμεν.

175 2129 342 2180 ΠΡΩ.
406 2133 541 2182 Τι’να
564 2129 622 2184 δὲ
643 2129 849 2200 ταύτην
868 2125 942 2185 αὖ
964 2135 1050 2186 δεῖ
1066 2133 1272 2200 λέγειν;
1740 2145 1797 2190 58

172 2213 295 2263 ΣΩ.
369 2216 560 2280 Δῆλον
607 2209 690 2266 ὅτι
729 2209 766 2282 ἢ
802 2219 987 2267 πᾶσαν
1025 2213 1127 2282 τήν
1162 2232 1224 2281 γε
1262 2218 1371 2267 νῦν
1409 2214 1713 2282 λεγομένην

30 2294 204 2360 γνοίη.
238 2290 340 2361 τὴν
370 2290 476 2361 γὰρ
510 2295 631 2360 περὶ
661 2293 720 2347 τὸ
743 2289 810 2347 ὂν
839 2295 930 2348 καὶ
949 2292 1009 2348 τὸ
1033 2292 1205 2357 ὅντως
1225 2294 1314 2349 καὶ
1333 2290 1393 2347 τὸ
1418 2293 1556 2348 κατὰ
1576 2291 1711 2348 ταύ-

30 2368 131 2424 τὸν
146 2369 227 2427 ἀεὶ
247 2372 494 2442 πεφυκὸς
509 2375 729 2440 πάντως
749 2380 917 2445 ἔγωγε
938 2375 1086 2446 οἶμαι
1105 2373 1359 2447 ἡγεῖσθαι
1378 2376 1709 2447 ξύμπαντας,

30 2449 182 2515 ὅσοις
204 2458 308 2507 νοῦ
327 2456 415 2509 καὶ
437 2455 673 2525 σμικρὸν
693 2458 1080 2529 προσήρτηται,
1112 2465 1308 2533 μακρῷ
1325 2457 1711 2529 ἀληθεστάτην

0 2529 170 2587 εἶναι
187 2538 423 2602 γνῶσιν·
444 2535 515 2590 σύ
536 2539 593 2593 δὲ
615 2544 691 2601 τίς
715 2559 829 2604 πως
846 2547 1039 2612 τοῦτο,
1072 2564 1115 2597 ω
1136 2541 1465 2612 Πρώταρχε,
1497 2544 1712 2610 διακρί-

0 2633 147 2693 νοις
163 2613 262 2680 ἅν;

167 2701 336 2752 ΠΡΩ.
379 2698 627 2756 ’Ἡκουον
646 2703 749 2772 μὲν
779 2709 977 2774 ἔγωγε,
1017 2726 1059 2760 ω
1091 2706 1414 2775 Σώκρατες,
1454 2704 1708 2762 ἑκάστοτε

8 2780 270 2849 4’,Γοργίου
299 2782 589 2853 πολλάκις,
623 2781 695 2851 ὥς
722 2783 755 2855 ἡ
787 2793 888 2841 τοῦ
918 2791 1135 2842 πείθειν
1164 2787 1306 2842 πολὺ
1328 2790 1582 2859 διαφέροι
1605 2806 1712 2843 πα-
