2028 3198
258 114 362 165 240
868 83 1042 163 ΠΛΑ
1060 115 1346 163 ΤΩΝΟΣ
1852 103 1937 170 102

194 263 224 302 Ε
256 254 357 304 τοῦ
385 254 604 319 μακροῦ
634 246 885 317 ἀγκῶνος
911 252 1013 300 τοῦ
1031 245 1167 301 κατὰ
1185 253 1396 303 Νεῖλον
1417 247 1651 320 ἐκλήθη·
1691 252 1780 305 καὶ
1800 252 1936 322 πρὸς

251 338 330 404 τῷ
357 329 565 400 άγκῶνι
593 329 864 385 λανθάνει
895 345 982 398 σε,
1013 326 1098 384 ὅτι
1117 333 1174 385 οἰ
1188 333 1446 401 μέγιστον
1465 337 1807 402 φρονοῦντες
1825 339 1938 387 τῶν

253 419 550 468 πολιτικῶν
569 411 812 514 μάλιστα
823 413 987 479 ἐρῶσι
1002 418 1375 484 λογογραφίας
1392 435 1447 468 τε
1463 416 1554 470 καὶ
1568 421 1937 481 καταλείψεως

256 495 727 594 συγγραμμάτων,
766 496 824 549 οἵ
845 513 906 563 γε
935 494 1028 547 καὶ
1058 495 1280 550 ἐπειδάν
1310 517 1432 551 τινα
1460 497 1718 567 γράφωσι
1744 498 1932 567 λόγον,

256 575 432 641 οὕτως
452 575 703 646 ἀγαπῶσι
721 575 851 639 τοῦς
868 577 1152 640 ἐπαινέτας
1165 618 1179 644 ,
1201 575 1341 631 ω’στε
1359 579 1936 650 προσπαραγράφουσι

254 660 509 729 πρώτους
522 701 537 729 ,
567 655 665 715 οἳ
639 681 710 714 αν
731 659 1034 727 ἑκασταχοῦ
1053 660 1351 713 ἐπαινῶσιν
1372 657 1589 725 αὐτούς.

397 746 547 796 ΦΑΙ.
606 745 737 803 Πῶς
756 742 929 810 λέγεις
947 745 1138 806 τοῦτο;
1179 761 1246 795 ου
1232 738 1372 810 ’γὰρ
1391 743 1681 812 μανθάνω.

140 839 227 884 ⁸258
395 829 517 878 ΣΩ.
580 821 665 877 Οὐ
697 822 1005 893 μανθάνεις
1034 820 1119 876 ὅτι
1148 824 1211 877 ἐν
1240 820 1379 894 ἀρχῇ
1411 822 1615 895 ἀνδρὸς
1647 833 1936 882 πολιτικοῦ

257 905 640 975 συγγράμματι
658 910 874 974 πρῶτος
895 902 923 960 ὁ
945 906 1229 974 ἐπαινέτης
1243 907 1557 973 γέγραπται.

396 991 547 1041 ΦΑΙ.
601 991 758 1051 Πῶς;

395 1074 520 1124 ΣΩ.
560 1067 755 1134 ’Έδοξέ
781 1069 891 1124 πού
925 1086 1060 1140 φησι
1078 1075 1146 1139 τῇ
1165 1074 1344 1140 βουλῇ
1363 1065 1400 1139 ἦ
1422 1076 1500 1142 τῷ
1521 1071 1672 1144 δήμῳ
1693 1068 1729 1142 ἦ
1749 1071 1935 1143 ἀμφο-

255 1155 459 1222 τέροις,
481 1152 572 1206 καὶ
592 1148 651 1215 ὃς
673 1150 814 1221 εἷπε,
845 1149 944 1206 τὸν
963 1148 1140 1207 αὑτὸν
1161 1151 1227 1221 δὴ
1250 1155 1427 1221 λέγων
1445 1152 1593 1222 μάλα
1612 1160 1825 1224 σεμνῶς
1842 1156 1933 1210 καὶ

255 1233 609 1304 ἐγκωμιάζων
638 1230 666 1286 ὁ
698 1234 1083 1303 συγγραφεύς,
1125 1235 1306 1287 ἔπειτα
1336 1235 1480 1302 λέγει
1502 1231 1567 1304 δὴ
1590 1234 1723 1304 μετὰ
1746 1242 1927 1306 τοῦτο,

253 1316 702 1386 ἐπιδεικνύμενος
721 1326 833 1379 τοῖς
853 1316 1157 1380 ἐπαινέταις
1174 1313 1277 1386 τὴν
1298 1317 1500 1371 ἑαυτοῦ
1519 1322 1739 1389 σοφίαν,
1760 1319 1933 1373 ἐνίοτε

254 1399 405 1454 πάνυ
424 1396 639 1469 μακρὸν
660 1397 1027 1469 ποιησάμενος
1044 1399 1376 1469 σύγγραμμα
1391 1421 1401 1431 ·
1427 1397 1464 1471 ἤ
1479 1416 1567 1454 σοι
1586 1398 1718 1455 ἄλλο
1735 1423 1786 1455 τι
1802 1407 1938 1471 φαί-

191 1502 221 1541 B
252 1503 403 1536 νεται
421 1480 481 1536 τὸ
506 1487 760 1537 τοιοῦτον
778 1477 815 1553 ἢ
834 1481 997 1551 λόγος
1017 1485 1523 1552 συγγεγραμμένος;

394 1570 544 1619 ΦΑΙ.
606 1562 727 1618 Οὐκ
747 1567 942 1634 ἔμοιγε.

390 1652 514 1702 ΣΩ.
572 1645 801 1702 Οὐκοῦν
821 1644 920 1701 ἐὰν
938 1645 1039 1716 μὲν
1057 1639 1219 1711 οὗτος
1239 1650 1467 1718 ἐμμένῃ,
1488 1645 1741 1717 γεγηθώς
1761 1644 1932 1714 ἀπέρ-

252 1751 399 1798 χεται
418 1732 476 1784 ἐκ
495 1734 598 1784 τοῦ
614 1729 861 1798 θεάτρου
881 1726 909 1784 ὁ
930 1730 1157 1801 ποιητής
1170 1751 1181 1762 ·
1222 1727 1321 1784 ἐὰν
1341 1733 1399 1784 δὲ
1419 1733 1646 1800 ἐξαλιφῇ
1664 1731 1752 1783 καὶ
1772 1727 1931 1799 ἄμοι-ν

255 1830 350 1880 ρος
381 1814 602 1881 γένηται
630 1817 1005 1880 λογογραφίας
1032 1833 1090 1866 τε
1121 1814 1211 1867 καὶ
1241 1818 1342 1867 τοῦ
1361 1811 1508 1877 ἄξιος
1527 1811 1666 1866 εἶναι
1686 1829 1930 1882 συγγραρ

253 1913 408 1963 φειν,
430 1900 630 1947 πενθεῖ
645 1891 811 1956 αὐτός
828 1915 885 1948 τε
906 1895 996 1948 καὶ
1015 1897 1070 1947 οἱ
1089 1896 1305 1962 ἑταῖροι.

397 1979 547 2029 ΦΑΙ.
600 1975 709 2029 Καὶ
730 1975 892 2044 μάλα.

396 2059 519 2110 ΣΩ.
574 2055 769 2125 Δῆλόν
787 2077 849 2126 γε
869 2054 954 2112 ὅτι
974 2053 1073 2126 οὐχ
1096 2054 1167 2121 ὡς
1185 2055 1672 2127 ὑπερφρονοῦντες
1690 2062 1789 2109 τοῦ
1808 2058 1930 2110 ἐπι-

252 2139 613 2210 τηδεύματος,
634 2135 759 2193 ἀλλ’
782 2135 856 2203 ῶς
874 2139 1298 2210 τεθαυμακότες.

394 2227 547 2277 ΦΑΙ.
601 2221 766 2275 Πάνυ
784 2222 885 2291 μὲν
903 2214 1023 2276 οὖν.

394 2309 517 2359 ΣΩ.
578 2309 648 2358 Τί
671 2307 757 2370 δέ;
789 2302 924 2358 ὅταν
945 2302 1135 2369 ἱκανὸς
1154 2307 1376 2376 γένηται
1396 2304 1576 2375 ῥήτωρ
1596 2300 1631 2375 ἢ
1649 2310 1908 2376 βασιλευς

195 2409 226 2450 c
257 2386 395 2442 ὥστε
414 2385 603 2457 λαβὼν
621 2387 723 2457 τὴν
741 2387 1078 2457 Λυκούργου
1097 2383 1132 2457 ἢ
1151 2386 1416 2452 Σόλωνος
1433 2383 1469 2457 ἦ
1487 2392 1732 2456 Δαρείου
1754 2386 1925 2442 δύνα-

249 2492 347 2541 μιν
383 2467 665 2533 ἀθάνατος
699 2471 965 2539 γενέσθαι
1003 2468 1351 2540 λογογράφος
1381 2471 1442 2523 ἐν
1469 2468 1650 2536 πόλει,
1693 2463 1786 2539 ἆρ’
1820 2463 1922 2522 οὐκ

252 2552 478 2608 ἰσόθεον
497 2548 708 2622 ἡγεῖται
728 2549 893 2615 αὐτός
911 2573 969 2607 τε
989 2548 1164 2607 αὑτὸν
1185 2553 1262 2604 ἔτι
1283 2554 1416 2619 ζῶν,
1456 2553 1548 2605 καὶ
1566 2554 1621 2605 οἱ
1638 2554 1819 2604 ἔπειτα
1839 2569 1920 2618 γι-

251 2634 513 2705 γνόμενοι
547 2632 718 2689 ταῦτα
748 2640 920 2688 ταῦτα
950 2637 1073 2702 περὶ
1099 2631 1274 2689 αὐτοῦ
1304 2637 1612 2704 νομίζουσι,
1650 2631 1922 2701 θεώμενοι

250 2713 426 2770 αὐτοῦ
446 2713 512 2770 τὰ
535 2715 958 2786 συγγράμματα;

393 2805 541 2854 ΦΑΙ.
594 2800 702 2854 Καὶ
721 2798 880 2869 μάλα.
