2028 3198
0 0 34 75 ,Γ
119 18 141 28 ·

22 163 77 207 21
603 151 1136 201 21’M1102101v.
1606 148 1710 200 159

24 292 299 359 ἐξέλιπον,
320 286 424 342 σὰν
441 290 635 365 ἔργον,
656 305 699 339 ω
718 283 1133 355 Ἀριστόφανες,
1154 282 1575 357 ἄναπληρωσαι·
1606 281 1639 357 ἦ
1661 293 1716 342 εἴ

26 393 141 435 πως
159 369 338 434 ἄλλως
352 370 415 424 ἐν
444 373 528 439 νῷ
545 358 681 437 ἔχεις
698 366 1054 437 ἐγκωμιάζειν
1070 364 1171 422 τὸν
1189 367 1358 439 θεόν,
1392 369 1705 440 ἐγκωμίαζε,

29 449 209 520 ἐπειδὴ
247 450 336 504 καὶ
371 454 467 519 τῆς
502 447 706 519 λυγγὸς
740 452 1035 503 πέπαυσαι.
1071 479 1143 491 -
1175 445 1592 521 Ἐκδεξάμενον
1606 442 1710 505 οὖν
1744 457 1826 502 189
1888 487 1890 489 -
1952 487 1955 493 ,
2009 454 2020 481 s

23 538 129 602 ἔφη
167 535 340 586 εἰπεῖν
375 527 472 586 τὸν
493 527 861 601 Ἀριστοφάνη
890 528 975 585 ὅτι
994 530 1102 585 Καὶ
1131 528 1263 601 μάλ’
1296 531 1602 602 ἐπαύσατο,
1639 527 1708 586 οὐ

27 615 211 685 μέντοι
239 616 372 679 πρίν
391 633 454 682 γε
483 610 583 667 τὸν
612 610 865 682 πταρμὸν
894 618 1336 684 προσενεχθῆναι
1362 611 1529 686 αὐτῇ,
1570 611 1709 668 ὥστε

24 716 89 766 με
111 693 434 792 θαυμάζειν,
457 692 582 749 εἰτὸ
604 693 838 765 κόσμιον
855 699 958 748 τοῦ
977 692 1228 764 σώματος
1247 695 1514 765 ἐπιθυμεῖ
1523 693 1705 750 τοιού-

25 798 139 832 των
172 776 376 874 ψόφων
404 777 496 831 καὶ
523 782 941 847 γαργαλισμῶν,
978 769 1100 829 οἷον
1128 776 1218 830 καὶ
1249 772 1278 830 ὁ
1300 775 1545 846 πταρμός
1566 778 1705 830 ἐστι·

25 859 177 913 πάνυ
213 856 319 928 γὰρ
358 855 532 923 εὐθὺς
568 857 868 926 ἐπαύσατο,
907 854 1092 928 ἐπειδὴ
1134 854 1284 932 αὐτῷ
1319 855 1420 912 τὸν
1453 854 1707 927 πταρμὸν

23 939 389 1011 προσήνεγκα.
430 941 519 996 και
542 937 644 995 τὸν
659 937 1037 1008 Ἐρυξίμαχον,
1051 930 1116 993 Ὦ
1132 936 1319 1009 ’γαθέ,
1342 938 1545 1009 φάναι,
1559 936 1707 1008 Ἀρι-

23 1022 324 1090 στόφανες,
346 1019 450 1093 ὅρα
467 1025 524 1077 τί
537 1030 720 1086 ποιεῖς.
744 1027 1124 1091 γελωτοποιεϊς
1143 1023 1359 1091 μέλλων
1377 1024 1584 1092 λέγειν,
1616 1022 1707 1076 καὶ

24 1102 247 1174 φύλακά
268 1125 333 1175 με
355 1109 457 1159 τοῦ
474 1103 647 1174 λόγου
666 1100 986 1173 ἀναγκάζεις
1005 1107 1296 1173 γίγνεσθαι
1319 1108 1423 1158 τοῦ
1444 1109 1700 1174 σεαυτοῦ,
1735 1111 1766 1152 Β

24 1185 122 1240 ε’άυ
139 1207 191 1241 τι
206 1193 426 1256 γελοῖον
454 1193 636 1258 εἴπῃς,
676 1185 799 1251 ἐξόν
818 1201 907 1240 σοι
938 1187 999 1239 ἐν
1027 1184 1217 1256 εἰρήνῃ
1246 1187 1442 1255 λέγειν.
1483 1187 1572 1240 καὶ
1608 1183 1709 1240 τὸν

25 1267 385 1339 Αριστοφάνη
407 1266 717 1336 γελάσαντα
737 1271 909 1322 εἰπεῖν
938 1261 1023 1323 Εὖ
1056 1269 1255 1339 λέγεις,
1298 1262 1341 1324 ὦ
1376 1267 1707 1340 Ἐρυξίμαχε,

23 1355 120 1405 καί
144 1371 238 1420 μοι
267 1354 405 1405 ἔστω
434 1347 645 1420 ἄρρητα
673 1347 738 1404 τὰ
769 1351 1043 1421 εἰρημένα.
1078 1348 1215 1406 ἀλλὰ
1243 1351 1317 1422 μή
1348 1374 1414 1423 με
1445 1352 1706 1423 φύλαττε,

24 1428 98 1497 ὥς
117 1428 223 1501 ἐγώ
246 1435 530 1502 φοβοῦμαι
554 1432 678 1499 περὶ
706 1438 820 1486 τῶν
839 1431 1157 1502 μελλόντων
1176 1432 1546 1504 ῥηθήσεσθαι,
1568 1431 1639 1488 οὔ
1659 1454 1709 1487 τι

23 1511 99 1583 μή
117 1518 302 1583 γελοῖα
323 1519 459 1568 εἴπω
476 1555 489 1581 ,
511 1518 674 1568 τοῦτο
695 1516 796 1583 μὲν
815 1512 920 1584 γὰρ
942 1509 1013 1569 ἄν
1033 1516 1225 1584 κέρδος
1245 1523 1326 1587 εἴη
1350 1517 1440 1571 καὶ
1460 1521 1554 1587 τῆς
1573 1512 1707 1586 ἡμε-

22 1597 183 1664 τέρας
212 1594 422 1664 μούσης
451 1594 771 1666 ἐπιχώριον,
811 1592 949 1651 ἄλλα
978 1594 1051 1667 μὴ
1083 1597 1470 1667 καταγέλαστα.
1511 1596 1710 1654 Bal-cdv

21 1698 102 1747 γε,
125 1674 327 1746 φάναι,
351 1669 394 1729 ὦ
413 1674 814 1748 Ἀριστόφανες,
836 1685 938 1733 οἴει
959 1678 1349 1749 ἐκφεύξεσθαι·
1371 1677 1508 1736 ἀλλὰ
1530 1680 1709 1750 πρόσ-

26 1779 111 1828 εχε
144 1755 244 1812 τὸν
272 1763 412 1812 νοῦν
442 1758 532 1814 καὶ
562 1756 709 1814 οὕτω
740 1761 860 1829 λέγε
884 1757 956 1825 ὡς
976 1760 1173 1815 δώσων
1194 1758 1390 1831 λόγον’
1424 1769 1554 1828 ἴσως
1574 1764 1708 1833 με’ν-
1741 1769 1771 1810 G

23 1863 134 1911 τοι,
155 1835 227 1894 ἂν
245 1840 375 1912 δόξῃ
393 1860 512 1910 μοι,
543 1838 742 1912 ἀφήσω
768 1858 843 1896 σε.

163 1927 295 1978 xlv.
363 1923 471 1977 Καὶ
490 1922 629 1994 μήν,
653 1916 697 1978 ὦ
723 1920 1051 1995 Ἐρυξίμαχε,
1073 1928 1246 1981 εἰπεῖν
1270 1922 1711 1997 τὸνἈριστοφά-

23 2025 112 2075 νη,
132 2001 274 2075 ἄλλῃ
292 2005 358 2073 γέ
373 2023 450 2075 πῃ
472 2005 532 2059 ἐν
551 2009 634 2078 νῷ
652 2007 756 2075 ἔχω
775 2006 972 2076 λέγειν,
995 2002 1031 2077 ἢ
1052 1998 1084 2078 ᾗ
1106 2005 1177 2061 σύ
1197 2028 1253 2062 τε
1279 2006 1370 2062 καὶ
1387 2012 1711 2072 Παυσανίας

24 2086 255 2155 εἰπέτην,
295 2085 415 2155 ἐμοὶ
443 2082 550 2156 γὰρ
581 2088 847 2141 δοκοῦσιν
878 2090 934 2142 οἱ
961 2085 1255 2157 ἅνθρωποι
1276 2087 1590 2144 παντάπασι
1608 2085 1710 2159 τὴν

0 2229 3 2241 ‚
22 2172 126 2221 τοῦ
159 2170 359 2235 ἔρωτος
378 2165 617 2237 δύναμιν
638 2165 741 2222 οὐκ
762 2166 1068 2240 ᾐσθῆσθαι,
1091 2170 1204 2226 ἐπεὶ
1225 2170 1630 2241 αἰσθανόμενοί
1645 2192 1707 2242 γε

0 2244 234 2319 ’ν.με’γιστ’
253 2242 326 2302 ἂν
343 2244 518 2303 αὐτοῦ
537 2245 656 2318 ἱερὰ
680 2249 1086 2306 κατασκευάσαι
1106 2252 1195 2307 καὶ
1214 2249 1456 2323 βωμούς,
1481 2251 1572 2307 καὶ
1594 2259 1705 2308 θυ-

0 2327 145 2393 Ι’σίας
174 2323 245 2382 ἂν
274 2339 450 2384 ποιεῖν
483 2334 766 2401 μεγίστας,
803 2329 903 2403 οὐχ
946 2330 1130 2403 ὥσπερ
1160 2337 1268 2388 νῦν
1298 2332 1512 2389 τούτων
1541 2330 1709 2391 οὐδὲν

7 2416 267 2482 ’γίγνεται
288 2412 409 2479 περὶ
428 2409 616 2483 αὐτόν,
639 2414 768 2469 δέον
782 2414 1006 2469 πάντων
1022 2413 1255 2485 μάλιστα
1270 2421 1575 2486 γίγνεσθαι.
1596 2419 1708 2472 ἔστι

3 2491 131 2564 ,γὰρ
166 2497 320 2547 θεων
357 2494 915 2563 φιλανθρωπότατος,
954 2495 1245 2565 ἐπίκουρός
1270 2518 1327 2553 τε
1359 2519 1440 2554 ων
1470 2504 1584 2554 ταῖν
1607 2495 1708 2553 ἀν-
1742 2513 1773 2551 ι)

26 2573 278 2641 θρώπων
296 2574 388 2630 καὶ
407 2572 591 2643 ἰατρὸς
609 2576 852 2645 τούτων,
885 2596 965 2631 ων
984 2581 1261 2635 ἰαθέντων
1278 2587 1501 2652 μεγίστη
1523 2578 1709 2635 εὐδαι-

27 2660 190 2725 μονία
220 2649 292 2710 ἂν
321 2661 395 2727 τῷ
426 2652 760 2730 ἀνθρωπείῳ
792 2617 940 2728 γένει
966 2666 1063 2732 εἴη.
1105 2659 1211 2732 ἐγώ
1241 2655 1348 2718 οὖν
1378 2660 1708 2734 πειράσομαι

29 2731 161 2807 ὑμῖν
178 2711 581 2809 εἰσηγήσασθαι
599 2737 702 2810 τὴν
722 2738 963 2812 δύναμιν
981 2740 1184 2815 αὐτοῦ,
1223 2741 1377 2815 ὑμεῖς
1398 2744 1455 2800 δὲ
1475 2750 1587 2800 τῶν
1609 2741 1709 2799 ἅλ-

30 2821 144 2873 am·
171 2819 493 2876 διδάσκαλοι
521 2824 731 2877 ἔσεσθε.
773 2826 860 2878 δεῖ
883 2822 939 2880 δε
971 2829 1194 2894 πρῶτον
1223 2822 1366 2896 ὑμᾶς
1387 2832 1591 2895 μαθεῖν
1606 2821 1709 2894 τὴν
