2028 3198
273 127 344 179 30
879 86 1357 172 ΠΛΑΤΩΝΟΣ

273 262 373 333 μὲν
393 263 455 317 ἓν
479 260 619 316 εἶναι
638 259 699 314 τὸ
722 260 784 313 ἓν
804 255 978 313 καὶτὰ
999 255 1140 312 ἄλλα
1160 255 1298 312 ἄλλα
1317 262 1418 312 τοῦ
1439 257 1562 322 ἑνὸς
1581 256 1709 313 οὔτε
1729 281 1778 312 τι
1797 262 1959 328 μείζω

273 342 402 399 οὔτε
429 365 481 398 τι
500 341 705 397 ἐλάττω
725 336 796 394 ἂν
818 347 900 410 εἴη
919 336 1174 409 ἀλλήλων
1194 337 1385 403 αὐταῖς
1402 360 1464 408 γε
1483 338 1706 403 ταύταις
1722 351 1839 404 ταῖς
1857 337 1942 395 οὐ·
1986 410 1995 414 —

273 429 435 487 σιάις·
475 417 594 476 ἀλλ’
632 424 682 476 εί
710 423 810 490 μὲν
839 419 977 490 πρὸς
995 425 1072 492 τῷ
1089 418 1300 474 τοιαῦτ’
1325 418 1465 475 εἶναι
1487 419 1712 488 ἑκάτερα
1734 421 1957 492 ἰσότητα

272 509 471 574 ἔχοιεν,
495 511 587 558 ἴσα
610 498 682 556 ἂν
707 509 788 571 εἴη
810 500 947 570 πρὸς
966 500 1198 572 ἄλληλα·
1239 506 1289 557 εἰ
1306 502 1364 557 δὲ
1383 500 1448 556 τὰ
1469 500 1570 572 μὲν
1594 503 1858 572 μέγεθος,
1893 501 1953 558 τὸ

272 586 330 641 δὲ
362 583 722 654 σμικρότητα,
762 580 798 652 ἢ
827 584 918 637 καὶ
948 584 1183 653 μέγεθος
1212 583 1312 653 μὲν
1333 581 1391 638 τὸ
1415 584 1503 653 ἕν,
1544 582 1877 655 σμικρότητα
1898 586 1955 640 δὲ

269 660 442 722 τᾶλλα
457 708 470 733 ,
506 663 750 738 ὁποτέρῳ
770 663 872 734 μὲν
891 670 968 738 τῷ
990 668 1120 720 εἴδει
1139 668 1375 734 μέγεθος
1394 669 1620 735 προσείη
1637 707 1650 733 ,
1682 669 1864 735 μεῖζον
1883 661 1958 721 ἂν

270 755 382 818 εἴη,
424 739 471 821 ᾦ
502 746 559 802 δὲ
579 745 905 816 σμικρότης,
943 750 1194 811 ἔλαττον;
1233 741 1485 815 Ἀνάγκη.
1545 744 1774 800 Οὐκοῦν
1795 746 1957 800 ε’στόν

269 830 335 899 γέ
349 849 462 883 τινε
483 827 663 882 τούτω
685 830 819 897 εἴδη,
839 826 904 881 τό
924 847 981 880 τε
1002 828 1236 896 μέγεθος
1255 827 1344 882 καὶ
1365 823 1399 896 ἡ
1420 826 1735 898 σμικρότη9;
1756 824 1823 881 οὐ
1848 825 1956 897 γὰρ

270 910 341 965 ἄν
366 929 477 965 που
507 907 579 979 μὴ
611 908 739 964 ὅντε
767 930 829 978 γε
862 910 1092 964 ἐναντίω
1124 929 1181 962 τε
1208 906 1468 978 ἀλλήλοιν
1488 916 1638 980 εἴτην
1655 911 1746 964 καὶ
1766 911 1827 964 ἐν
1843 919 1954 973 τοῖς

156 1007 242 1051 150
271 986 434 1048 οὖσιν
454 994 864 1061 ἐγγιγνοίσθην.
920 996 1051 1054 Πῶς
1069 987 1175 1059 γὰρ
1197 987 1296 1056 ἄν;
1332 993 1406 1045 Εἰ
1423 987 1531 1060 ἄρα
1550 992 1611 1046 ἐν
1630 998 1708 1062 τῷ
1728 992 1807 1046 ἑνὶ
1829 1006 1955 1061 σμι-

269 1074 470 1146 κρότης
489 1076 791 1143 ἐγγίγνεται
804 1113 819 1142 ,
845 1071 965 1142 ἤτοι
985 1074 1047 1126 ἐν
1066 1070 1176 1144 ὅλῳ
1198 1067 1270 1126 ἂν
1288 1066 1324 1141 ἦ
1344 1073 1405 1126 έν
1425 1072 1576 1141 μέρει
1595 1069 1771 1127 αὐτοῦ
1790 1074 1945 1143 ἐνείη.

265 1155 516 1227 Ἀνάγκη.
574 1160 645 1210 Τί
659 1152 710 1209 δ’
736 1159 786 1210 εί
803 1156 863 1208 ἐν
883 1151 993 1227 ὅλῳ
1014 1155 1345 1223 ἐγγίγνοιτο,
1373 1149 1492 1223 οὐχὶ
1511 1149 1547 1223 ἢ
1567 1155 1619 1218 ἐξ
1640 1161 1766 1208 ἴσου
1786 1148 1858 1208 ὅὶν
1876 1159 1948 1228 τῷ

269 1240 349 1294 ἑνὶ
379 1236 449 1293 δι’
469 1235 624 1293 ’ὅλου
643 1234 819 1291 αὐτοῦ
838 1236 1100 1304 τεταμένη
1123 1242 1205 1304 εἴη
1227 1230 1263 1303 ἦ
1286 1234 1612 1303 περιέχουσα
1632 1231 1796 1301 αὐτό;
1831 1241 1953 1306 Δῆ-

269 1327 368 1375 λον
389 1317 472 1389 δή.
509 1311 629 1387 Αρ’
654 1311 760 1372 οὖν
779 1314 883 1372 οὐκ
904 1318 957 1382 έξ
977 1324 1103 1371 ἰσου
1123 1315 1223 1386 μὲν
1243 1309 1384 1370 οὖσα
1402 1312 1436 1385 ἡ
1459 1315 1756 1387 σμικρότης
1774 1322 1851 1390 τῷ
1873 1317 1953 1372 ενὶ

268 1410 356 1471 ἴση
378 1396 449 1455 ἄν
468 1398 616 1472 αὐτῷ
640 1407 747 1469 εἴη,
785 1399 1110 1468 περιέχουσα
1131 1399 1190 1454 δὲ
1210 1403 1436 1469 μείζων;
1468 1405 1596 1463 Πως
1617 1397 1670 1454 δ’
1695 1397 1791 1467 οὕ;
1829 1407 1950 1454 Λυ-

266 1480 437 1538 νατόν
456 1475 561 1536 οὖν
593 1480 927 1550 σμικρότητα
957 1489 1084 1551 ἰσην
1113 1501 1187 1553 τῳ
1218 1479 1356 1535 εἶναι
1385 1476 1421 1550 ἦ
1449 1485 1609 1550 μείζω
1644 1501 1819 1550 τινος,
1861 1482 1951 1535 καὶ

268 1563 526 1636 πράττειν
542 1585 605 1634 γε
624 1561 691 1618 τὰ
713 1564 988 1633 μεγέθους
1005 1584 1061 1618 τε
1083 1564 1172 1617 καὶ
1194 1562 1460 1632 ἰσότητος,
1481 1560 1619 1617 ἄλλα
1641 1560 1715 1662 μὴ
1735 1584 1798 1616 τα
1820 1562 1948 1617 ἑαυ·

203 1665 233 1706 Β
266 1652 389 1717 τῆς;
421 1644 739 1702 Ἀδύνατον.
796 1642 882 1699 Ἐν
908 1645 1010 1715 μὲν
1042 1643 1154 1717 ὅλῳ
1184 1642 1293 1714 α’ρα
1311 1650 1388 1716 τῷ
1407 1644 1487 1699 ἑνὶ
1507 1641 1610 1699 οὐκ
1629 1639 1701 1699 ἂν
1723 1651 1803 1714 εἴη
1826 1660 1950 1714 σμι-

264 1728 488 1829 κρότης,
520 1725 643 1782 αλλ’
667 1734 846 1796 εἴπερ,
878 1729 939 1781 ἐν
959 1729 1124 1796 μέρει.
1180 1733 1308 1782 Ναί.
1367 1723 1520 1781 Ουδέ
1534 1747 1597 1796 γε
1616 1727 1678 1781 έν
1697 1727 1858 1781 παντὶ
1878 1719 1952 1780 αὖ

262 1816 337 1883 τῷ
358 1812 532 1879 μέρει·
567 1813 618 1863 εἰ
634 1807 693 1863 δε
711 1807 804 1878 μή,
826 1805 997 1861 ταύτὰ
1018 1806 1234 1877 ποιήσει
1253 1807 1392 1878 ἅπερ
1413 1804 1554 1878 πρὸς
1573 1805 1633 1861 τὸ
1657 1805 1817 1862 ὅλον·
1859 1815 1948 1877 ἴση

263 1897 414 1947 ἔσται
451 1914 486 1962 η
521 1894 718 1962 μείζων
746 1896 848 1944 τοῦ
878 1892 1105 1960 μέρους,
1145 1892 1206 1944 ἐν
1239 1910 1281 1943 ω
1314 1885 1388 1943 α“ν
1417 1887 1501 1943 ἀεὶ
1530 1891 1641 1960 ἐνῇ.
1693 1886 1945 1960 Ἀνάγκη.

268 1971 480 2029 Οὗδενί
501 1991 632 2028 ποτε
662 1971 769 2041 ἄρα
799 1974 1011 2044 ἐνέσται
1038 1993 1151 2026 των
1179 1969 1361 2026 ὄντων
1380 1969 1701 2041 σμικρότης,
1739 1969 1865 2040 μήτ’
1890 1992 1948 2025 εν

264 2058 414 2127 μέρει
443 2052 567 2125 μήτ’
603 2056 662 2109 ἐν
693 2052 802 2127 ὅλῳ
836 2054 1203 2124 ’ἐγγιγνομένη
1221 2073 1231 2084 ·
1273 2050 1407 2107 οὐδέ
1440 2074 1492 2107 τι
1528 2056 1676 2107 ἔσται
1713 2050 1948 2123 σμικρὸν

264 2135 408 2209 πλὴν
427 2133 595 2206 αὐτῆς
614 2136 987 2207 σμικρότητος.
1041 2133 1161 2190 Οὐκ
1182 2138 1373 2190 ἔοικεν-
1425 2132 1565 2189 Οὐδ’
1589 2132 1694 2203 ἄρα
1714 2136 1948 2204 μέγεθος

207 2234 236 2274 C
268 2222 478 2275 ἐνέσται
508 2222 568 2273 ἐν
596 2215 762 2291 αὐτῷ.
815 2222 1000 2288 μεῖζον
1019 2215 1126 2288 γὰρ
1148 2215 1220 2271 ἄν
1239 2238 1289 2271 τι
1308 2223 1390 2286 εἴη
1412 2215 1546 2270 ἄλλο
1568 2217 1659 2270 καὶ
1678 2213 1825 2286 πλὴν
1843 2213 1947 2270 αὐ-

263 2307 363 2355 τοῦ
391 2302 691 2371 μεγέθους,
732 2302 909 2355 έκεῖνο
939 2302 999 2354 ἐν
1029 2321 1071 2370 ῳ
1104 2297 1164 2353 τὸ
1194 2300 1430 2368 μέγεθος
1450 2300 1618 2368 ε’νείη,
1664 2300 1754 2352 καὶ
1773 2303 1945 2352 ταῦτα

265 2386 500 2453 σμικροῦ
519 2379 695 2435 αὐτοῦ
715 2379 818 2436 οὐκ
840 2380 1027 2451 ὄντος,
1067 2373 1138 2434 οὗ
1157 2377 1371 2450 ἀνάγκη
1392 2377 1701 2450 ὑπερέχειν,
1743 2379 1944 2447 ἐάνπερ

264 2467 298 2536 ᾖ
327 2464 491 2534 μέγα·
529 2469 693 2518 τοῦτο
726 2462 785 2518 δε
814 2461 1121 2532 ἀδύνατον,
1162 2459 1344 2532 ἐπειδὴ
1378 2460 1674 2532 σμικρότης
1693 2458 1944 2531 ουὸαμοῦ

271 2553 361 2601 ἔνι.
413 2543 635 2616 Ἀληθῆ.
684 2541 849 2599 Ἀλλὰ
881 2541 993 2615 μὴν
1021 2542 1155 2599 αὐτὸ
1189 2546 1423 2614 μέγεθος
1442 2542 1544 2599 ούκ
1568 2542 1741 2598 ἄλλου
1760 2546 1942 2612 μεῖζον

265 2624 298 2696 ἢ
329 2625 499 2699 αὐτῆς
528 2624 914 2697 σμικρότητος,
953 2624 1081 2681 οὐδε
1112 2626 1406 2697 σμικρότης
1436 2624 1608 2680 ἄλλου
1643 2628 1867 2678 ἔλαττον
1906 2645 1938 2692 η

265 2706 440 2764 αὐτοῦ
466 2711 755 2779 μεγέθους.
813 2704 898 2760 Οὐ
926 2706 1048 2775 γάρ.
1109 2707 1252 2762 Οὔτε
1285 2705 1391 2775 άρα
1419 2727 1484 2760 τα
1505 2704 1642 2760 ἄλλα
1661 2708 1820 2773 μείζω
1840 2710 1941 2759 τοῦ

265 2787 387 2853 ἑνὸς
408 2788 538 2845 ουδὲ
558 2788 788 2858 ἐλάττω,
810 2787 942 2858 μήτε
963 2790 1200 2858 μέγεθος
1220 2789 1354 2859 μήτε
1377 2787 1706 2858 σμικρότητα
1728 2790 1937 2855 ἔχοντα,
