2028 3198
0 0 285 100 Ρκγῃῌξ»
301 0 338 25 ἒΤ
374 0 422 34 25⁷„
447 3 451 6 ·
474 0 496 28 “-,
567 0 668 18 m·
705 0 737 23 a:

12 114 41 157 f.
70 138 131 185 ⁵³
646 130 1179 182 21’M1102101v.
1648 131 1750 185 191

69 260 107 336 ἦ
124 263 219 329 οὔ;
259 264 360 320 ἐὰν
386 262 495 335 γὰρ
522 261 598 335 μή
626 260 930 334 ὁμολογῇς,
969 265 1253 335 μάρτυρας
1270 266 1586 337 παρέξομαι.
1625 263 1746 322 ἀλλ’

71 342 174 402 οὐκ
192 343 458 416 αύλητής;
494 343 641 400 πολύ
665 364 731 414 γε
751 345 1209 415 θαυμασιώτερος
1235 347 1477 403 ἐκείνου·
1513 344 1544 404 ὁ
1566 347 1668 419 μέν
1684 369 1746 417 γε
1778 357 1810 401 c

70 426 144 483 δι’
180 425 440 496 ὀργάνων
468 425 651 497 ἐκήλει
678 423 812 490 τούς
842 423 1182 494 ἀνθρώπους
1202 434 1271 500 τῇ
1289 426 1399 484 ἀπὸ
1418 434 1521 484 τοῦ
1541 427 1749 499 στόμα-

69 529 159 573 τος
189 507 448 578 δυνάμει,
486 507 579 563 καὶ
606 510 687 562 ἔτι
713 508 842 562 νυνὶ
871 503 932 572 ὃς
962 503 1034 563 ἀν
1053 508 1119 564 τά
1151 510 1368 565 ἐκείνου
1387 507 1544 582 αὐλῇ.
1587 507 1622 564 ἃ
1641 507 1748 580 γὰρ

52 587 334 660 Ὄλυμπος
360 587 546 659 ηὔλει,
584 586 870 658 Μαρσύου
887 593 1056 661 λέγω,
1085 591 1290 647 τούτου
1309 591 1643 658 διδάξαντος.
1682 589 1749 646 τὰ

66 663 172 726 οὖν
195 674 413 727 ἐκείνου
441 671 539 726 ἐάν
570 691 630 725 τε
659 668 877 741 ἀγαθὸς
907 670 1146 743 αὐλητὴς
1179 671 1322 745 αὐλῇ
1345 673 1447 729 ἐάν
1475 695 1532 729 τε
1561 673 1747 744 φαύλη

67 750 350 823 αὐλητρίς,
398 751 542 823 μόνα
587 755 920 823 κατέχεσθαι
965 765 1112 809 ποιεῖ
1154 756 1244 810 καὶ
1281 759 1440 825 δηλοῖ
1471 754 1602 820 τοὺς
1636 761 1750 811 τῶν

66 839 220 889 θεῶν
247 855 305 888 τε
334 834 427 889 καὶ
451 839 687 888 τελετῶν
716 835 1014 903 δεομένους
1043 835 1133 889 διὰ
1162 835 1222 890 τὸ
1253 842 1382 890 θεῖα
1403 834 1560 891 εἶναι.
1602 834 1672 890 σύ
1693 834 1746 890 δ’
1787 871 1789 873 ·

66 918 283 970 ἐκείνου
300 921 570 970 τοσοῦτον
588 915 663 985 μό
666 936 769 969 νου
789 918 1091 986 διαφέρεις,
1112 914 1198 971 ὅτι
1217 915 1357 972 ἄνευ
1377 914 1635 987 ὀργάνων
1654 927 1750 982 ψι-

65 1003 179 1059 λοῖς
198 995 384 1065 λόγοις
414 993 619 1051 ταύτὸν
646 1001 811 1050 τοῦτο
833 1008 1018 1061 ποιεῖς.
1041 994 1196 1067 ἡμεῖς
1213 1005 1354 1068 γοῦν
1373 995 1509 1053 ὅταν
1527 999 1630 1068 μέν
1648 1019 1749 1053 του

65 1076 238 1132 ι’ίλλου
267 1074 562 1148 ἀκούωμεν
592 1079 848 1146 λέγοντος
874 1079 966 1133 καὶ
983 1079 1134 1133 πάνυ
1153 1077 1377 1149 ἀγαθοῦ
1395 1078 1628 1150 ῥήτορος
1646 1077 1746 1133 522-
1776 1092 1810 1132 D

66 1164 195 1222 λους
213 1159 428 1226 λόγους,
452 1156 620 1214 οὐδὲν
638 1159 804 1229 μέλει,
828 1156 899 1223 ὥς
918 1164 1046 1224 ἔπος
1065 1165 1267 1231 εἰπεῖν,
1288 1159 1501 1216 οὐδενί·
1529 1161 1751 1216 ἐπειδὰν

65 1238 122 1293 δὲ
144 1245 249 1293 σοῦ
267 1261 348 1303 τις
366 1235 546 1310 ἀκούῃ
569 1235 606 1310 ἦ
635 1245 748 1294 τῶν
778 1246 895 1294 σῶν
914 1240 1097 1309 λόγων
1118 1240 1291 1297 ἄλλου
1321 1244 1605 1313 λέγοντος,
1642 1238 1750 1296 κᾶν

63 1320 215 1374 πάνυ
243 1326 460 1389 φαῦλος
490 1315 525 1391 ᾗ
553 1318 583 1375 ὁ
605 1323 810 1390 λέγων,
851 1320 950 1375 ἐάν
969 1343 1026 1376 τε
1045 1321 1189 1393 γυνὴ
1210 1321 1393 1395 ἀκούῃ
1412 1323 1511 1379 ε’άν
1529 1345 1587 1379 τε
1606 1321 1748 1394 ἀνὴρ

63 1402 163 1455 ἐάν
182 1422 238 1456 τε
267 1402 581 1471 μειράκιον,
621 1404 1053 1472 ἐκπεπληγμένοι
1080 1404 1246 1474 ἐσμὲν
1275 1406 1367 1460 καὶ
1386 1405 1745 1476 κατεχόμεθα.

60 1482 166 1551 ἐγώ
206 1489 375 1552 γοῦν,
415 1477 461 1538 ὦ
497 1483 724 1554 ἄνδρες,
767 1489 816 1539 εἰ
850 1485 922 1554 μή
954 1490 1184 1556 ἔμελλον
1216 1491 1417 1558 κομιδῇ
1446 1487 1628 1552 δόξειν
1647 1508 1748 1557 με-

60 1564 255 1634 θύειν,
294 1563 452 1620 εἷπου
477 1563 686 1635 ὀμόσας
705 1562 777 1620 ἂν
797 1564 946 1636 ὑμῖν,
968 1563 1055 1622 οἷα
1077 1566 1142 1638 δὴ
1165 1571 1424 1623 πέπονθα
1445 1566 1606 1633 αὐτὸς
1631 1566 1741 1623 ὑπὸ

58 1654 173 1701 τῶν
209 1648 413 1702 τούτου
450 1648 632 1717 λόγων
672 1649 764 1703 καὶ
797 1649 988 1718 πάσχω
1026 1653 1102 1703 ἔτι
1140 1651 1230 1705 καὶ
1276 1656 1420 1706 νυνί.
1467 1649 1604 1706 ὅταν
1639 1649 1744 1720 γὰρ

61 1727 278 1798 ἀκούω,
317 1728 462 1783 πολύ
498 1751 589 1798 μοι
617 1737 827 1799 μᾶλλον
866 1727 902 1800 ἢ
927 1736 1042 1786 τῶν
1076 1732 1577 1804 κορυβαντιώπων
1611 1731 1650 1804 ἥ
1685 1754 1744 1788 τε
1774 1749 1807 1789 Ε

60 1812 258 1875 καρδία
294 1813 446 1882 πηδᾷ
481 1812 571 1866 καὶ
602 1811 819 1879 δάκρυα
849 1815 1077 1882 ἐκχεῖται
1106 1810 1216 1867 ὑπὸ
1262 1820 1377 1869 τῶν
1411 1814 1597 1884 λόγων
1631 1821 1744 1869 τῶν

58 1890 273 1945 τούτου.
314 1889 429 1959 ὁρῶ
451 1892 510 1948 δὲ
540 1894 632 1948 καὶ
651 1893 857 1959 ἄλλους
876 1894 1236 1964 παμπόλλους
1254 1893 1321 1949 τὰ
1339 1892 1480 1950 αὐτοὶ
1499 1893 1744 1966 πάσχον-

57 1993 163 2036 τας.
237 1976 576 2039 Περικλέους
594 1974 654 2031 δὲ
673 1973 898 2031 ἀκούων
917 1978 1008 2031 καὶ
1030 1974 1217 2032 ἄλλων
1236 1975 1470 2046 ἀγαθῶν
1490 1977 1744 2047 ῥητόρων

56 2047 122 2110 εὖ
141 2054 243 2123 μὲν
258 2051 514 2125 ἡγούμην
533 2057 739 2127 λέγειν,
777 2063 1033 2113 τοιοῦτον
1053 2056 1106 2112 δ’
1131 2056 1298 2114 οὐδὲν
1316 2062 1580 2127 ἔπασχον,
1611 2056 1742 2114 οὐδὲ

54 2134 402 2207 τεθορύβητό
434 2158 543 2207 μου
571 2135 605 2208 ἡ
639 2137 784 2210 ψυχὴ
819 2137 941 2195 οὐδ’
963 2136 1260 2210 ἠγανάκτει
1283 2136 1356 2204 ὠς
1374 2137 1743 2209 ἀνδραποδω-

57 2219 165 2279 δῶς
203 2219 574 2287 διακειμένου·
613 2217 734 2275 ἀλλ’
767 2218 878 2276 ὑπὸ
912 2225 1141 2276 τουτουῒ
1165 2225 1267 2276 τοῦ
1289 2221 1573 2289 Μαρσύου
1602 2228 1741 2278 πολ-

54 2297 210 2361 λάκις
235 2295 303 2368 δὴ
334 2297 483 2354 οὕτω
513 2304 795 2372 διετέθην,
836 2301 975 2357 ὥστε
996 2323 1089 2372 μοι
1111 2301 1265 2367 δόξαι
1282 2300 1357 2374 μὴ
1376 2303 1583 2375 βιωτὸν
1601 2301 1742 2359 εἶναι
1769 2309 1856 2356 216

54 2383 231 2449 ἔχοντι
262 2377 335 2444 ὥς
357 2385 475 2451 ἔχω.
515 2384 606 2439 καὶ
637 2390 837 2454 ταῦτα,
876 2384 1189 2454 Σώκρατες,
1231 2382 1337 2441 οὐκ
1366 2388 1505 2455 ἐρεῖς
1530 2407 1604 2451 ως
1634 2406 1738 2442 ουκ

53 2460 254 2532 ἀληθῆ.
277 2464 365 2517 καὶ
383 2467 459 2518 ἔτι
473 2484 535 2533 γε
554 2472 662 2521 νῦν
682 2463 884 2532 ξύνοιδ’
907 2464 1199 2539 ἑμαυτῷ,”
1164 2487 1250 2522 οτι
1264 2472 1314 2523 εἰ
1325 2469 1574 2539 ἐθέλοιμι
1593 2488 1739 2538 παρ-

27 2544 195 2614 ,έχειν
225 2541 290 2597 τὰ
318 2537 458 2614 ὦτα,
497 2544 601 2602 οὐκ
635 2570 708 2603 αν
735 2548 1156 2619 καρτερήσαιμι,
1186 2545 1323 2605 ἀλλὰ
1344 2548 1516 2606 ταύτὰ
1538 2574 1610 2606 αν
1628 2551 1737 2605 πά-

32 2636 245 2695 ’·σχοιμι.
286 2623 579 2695 ἀναγκάζει
612 2628 721 2697 γάρ
754 2649 820 2699 με
859 2625 1165 2702 ὁμολογεῦν,
1196 2628 1280 2687 ὅτι
1307 2639 1521 2688 πολλοῦ
1547 2630 1736 2702 ἐνδεὴς

43 2699 135 2761 ’ὃν
150 2705 317 2773 αὐτὸς
337 2713 414 2764 ἐτι
433 2710 676 2779 ἐμαυτοῦ
695 2713 798 2781 μὲν
817 2709 1027 2783 ἀμελῶ,
1057 2710 1124 2769 τὰ
1144 2710 1199 2769 δ’
1225 2712 1538 2786 Ἀθηναίων
1557 2713 1735 2782 πράτ-

48 2804 142 2843 το
179 2793 274 2864 βίᾳ
304 2811 412 2845 ουν
445 2789 629 2862 ωσπερ
658 2789 765 2847 ἀπὸ
800 2814 913 2849 των
939 2795 1233 2868 Σειρήνων
1267 2795 1628 2868 ἐπισχόμενος
1662 2794 1731 2851 τὰ
