2028 3198
1835 0 1905 13 ,--x
1930 0 1936 7 ι

257 79 360 132 288
447 44 450 46 ’
870 36 1346 120 ΠΛΑΤῼΝΟΣ
1409 35 1412 39 ’
1883 73 1943 118 18
2015 28 2028 67 ‘⁷

400 218 525 268 ΣΩ.
592 205 729 265 Οἶον
747 211 912 262 τοῦτο
933 215 1128 268 ποιεῖς·
1152 211 1204 259 εἴ
1217 225 1270 259 τι
1289 201 1363 274 μὴ
1385 202 1574 273 ὀρθῶς
1592 206 1783 273 λέγεις,
1804 223 1941 271 τυγ-

259 295 413 365 χάνει
444 293 503 349 δε
534 287 776 347 δυνατὸν
809 283 876 342 ὂν
895 284 1175 351 ἀποδεῖξαι
1195 283 1261 340 δι’
1282 305 1457 355 ουπερ
1475 286 1567 341 καὶ
1586 283 1647 340 τὸ
1668 283 1943 353 πρότερον

259 376 460 446 λόγου,
495 382 597 430 οἴει
623 370 689 443 δὴ
711 368 875 426 καινὰ
895 367 1028 422 ἅττα
1047 370 1164 422 δεῖν
1184 365 1410 423 ἀκούειν
1429 365 1730 432 ἀποδείξεις
1750 387 1807 420 τε
1831 365 1946 419 ἑτέ-

261 480 384 528 ρας,
417 455 490 521 ὠς
507 462 620 511 τῶν
642 454 927 524 προτέρων
946 444 1067 504 οἷον
1087 453 1397 517 σκευαρίων
1418 449 1944 517 κατατετριμμένων,

259 540 350 595 καὶ
379 535 553 594 οὐκέτ’
587 533 660 592 ἀν
682 532 754 590 σὺ
773 530 912 589 αὐτὰ
935 530 1253 602 ἀμπίσχοιο,
1280 536 1330 587 εἰ
1345 530 1420 601 μή
1439 536 1518 595 τίς
1539 546 1627 586 σοι
1646 527 1947 600 τεκμήριον

146 633 231 678 114
263 616 520 689 καθαρὸν
549 619 642 674 καὶ
670 615 946 687 ἄχραντον
974 618 1143 668 οἴσειὶ
1178 610 1282 682 ἐγω
1313 611 1373 666 δε
1409 617 1617 682 χαίρειν
1654 609 1817 672 ἐάσας
1850 607 1948 671 τὰς

259 699 360 765 σὰς
389 695 712 771 προδρομὰς
739 703 841 752 τοῦ
870 694 1046 766 λόγου
1075 691 1242 750 οὐδεν
1268 686 1437 765 ἦττον
1463 691 1755 795 ἐρήσομαι,
1766 690 1946 745 πόθεν

259 780 464 852 μαθων
486 784 559 836 αὐ
578 778 645 835 τὰ
666 781 1019 849 συμφέροντα
1048 778 1349 844 ἐπίστασαι,
1370 777 1461 831 καὶ
1481 773 1628 838 ὅστις
1647 773 1795 828 ἐστὶν
1813 769 1842 828 ὁ
1863 775 1950 826 δι-

262 863 563 932 δάσκαλος,
596 863 691 917 καὶ
718 856 870 914 πάντ’
896 862 1078 914 ἐκεῖνα
1106 856 1173 912 τὰ
1193 857 1468 928 πρότερον
1487 860 1675 926 ἐρωτω
1694 860 1792 927 μιᾷ
1811 855 1951 922 ἐρω-

262 944 438 1015 τήσει·
461 940 600 999 ἀλλὰ
622 941 728 1013 γὰρ
757 945 928 1012 δῆλον
959 937 1030 1005 ὡς
1050 945 1125 1005 είς
1151 936 1360 995 ταυτὸν
1385 937 1532 1010 ἥξεις
1559 938 1652 992 καὶ
1685 932 1787 1006 οὐχ
1816 935 1951 1000 ἕξεις

261 1023 542 1090 ἀποδεῖξαι
571 1022 697 1080 οὔθ’
722 1022 794 1088 ὡς
820 1022 1058 1092 ἐξευρων
1077 1021 1244 1078 οἶσθα
1261 1019 1328 1076 τὰ
1350 1023 1707 1090 συμφέροντα
1727 1015 1852 1072 οὔθ’
1874 1038 1948 1080 ως

261 1106 491 1176 μαθών.
532 1104 716 1176 ἐπειδὴ
751 1105 811 1161 δε
833 1112 1049 1177 τρυφᾷς
1067 1106 1158 1160 καὶ
1178 1102 1349 1159 οὐκέτ’
1374 1125 1445 1157 αν
1463 1100 1635 1173 ἡδέως
1652 1105 1754 1155 τοῦ
1774 1096 1949 1154 αὐτοῦ

172 1200 205 1240 Β
262 1188 487 1258 γεύσαιο
508 1187 681 1257 λόγου
696 1229 709 1255 ,
740 1193 941 1241 τοῦτον
959 1186 1059 1256 μὲν
1079 1189 1152 1241 ἐῶ
1169 1191 1404 1256 χαίρειν,
1439 1191 1545 1239 εἴτε
1565 1181 1732 1238 οἶσθα
1752 1188 1857 1237 εἴτε
1877 1177 1949 1250 μὴ

262 1270 329 1325 τά
355 1269 670 1341 Ἀθηναίοις
700 1271 1079 1340 συμφέροντα·
1110 1268 1347 1338 πότερον
1367 1265 1425 1322 δὲ
1443 1263 1615 1320 ταύτά
1637 1267 1748 1320 ε’στι
1768 1262 1951 1319 δίκαιά

261 1375 319 1408 τε
351 1354 442 1408 καὶ
471 1355 826 1424 συμφέροντα
845 1346 882 1422 ἦ
902 1351 1077 1421 ἕτερα,
1097 1355 1153 1405 τί
1167 1348 1270 1406 οὐκ
1291 1347 1598 1418 ἀπέδειξας,
1630 1345 1796 1417 εἰμὲν
1814 1343 1954 1416 βού-

262 1442 361 1504 λει,
383 1437 606 1504 ἐρωτων
624 1455 690 1504 με
713 1433 896 1502 ω’σπερ
916 1432 1021 1503 ἐγώ
1048 1434 1125 1501 σέ,
1148 1437 1198 1488 εἰ
1214 1435 1290 1502 δέ,
1312 1433 1401 1487 καὶ
1422 1429 1586 1494 αὐτὸς
1605 1431 1691 1484 ἐπὶ
1711 1434 1951 1483 σεαυτοῦ

263 1516 409 1589 λόγῳ
441 1517 702 1582 διέξελθε.

393 1604 510 1655 AA.
580 1596 715 1654 ”Αλλ
748 1595 851 1654 οὐκ
878 1597 999 1653 οἶδα
1031 1602 1081 1653 εἰ
1109 1593 1224 1661 οἷός
1251 1594 1292 1651 τ’
1314 1590 1387 1650 οἰν
1407 1601 1552 1665 εἴην,
1575 1614 1617 1647 ω
1639 1590 1951 1660 Σώκρατες,

266 1679 405 1749 πρὸς
426 1683 486 1735 σὲ
506 1683 765 1736 διελθεῖν.

406 1766 531 1815 ΣΩ.
603 1759 759 1832 Ἀλλ,
783 1785 824 1817 ω
844 1762 1030 1832 ’γαθέ,
1061 1761 1152 1832 ἐμε
1177 1762 1471 1830 ἐκκλησίαν
1490 1756 1725 1827 νόμισον
1743 1755 1832 1810 καὶ
1855 1757 1955 1824 δῆ-

264 1861 399 1912 μον·
421 1843 512 1897 καὶ
534 1844 647 1897 ἐκεῖ
660 1848 749 1897 τοί
765 1861 825 1897 σε
855 1843 1076 1913 δεήσει’
1054 1845 1153 1897 ε’να
1172 1843 1407 1897 ἕκαστον
1428 1843 1671 1895 πείθειν.
1694 1829 1730 1908 ἦ
1747 1835 1881 1906 γάρ·
1869 1877 1883 1902 ,

393 1929 512 1979 AA.
588 1929 713 1979 Ναί.

404 2011 529 2061 Σιῼ.
607 2005 836 2062 Οὐκοῦν
867 2013 969 2062 τοῦ
999 2004 1172 2062 αὐτοῦ
1202 2006 1300 2060 ἕνα
1329 2026 1387 2059 τε
1418 1999 1540 2059 οἶόν
1561 2023 1618 2056 τε
1650 2000 1789 2055 εἶναι
1816 1996 1954 2054 κατὰ

180 2097 214 2140 c
265 2087 438 2157 μόνας
468 2092 686 2144 πείθειν
715 2091 807 2145 καὶ
837 2089 1185 2160 ξυμπόλλους
1203 2088 1328 2156 περὶ
1348 2078 1428 2140 οἷν
1448 2081 1520 2139 ἀν
1539 2087 1685 2156 εἰδῇ,
1718 2081 1902 2149 ὥσπερ
1923 2078 1953 2136 ὁ

268 2169 678 2242 γραμματιστὴς
726 2173 823 2227 ἕνα
860 2173 920 2227 τέ
953 2191 1064 2227 που
1103 2175 1284 2226 πείθει
1327 2168 1451 2237 περὶ
1489 2165 1826 2238 γραμμάτων
1863 2163 1954 2218 καὶ

268 2250 532 2319 πολλούς;

396 2340 508 2388 ΑΛ.
584 2341 711 2389 Ναί.

405 2420 530 2470 ΣΩ.
574 2408 684 2483 Ἆρ’
706 2437 812 2471 ουν
831 2414 900 2472 οὐ
919 2417 1009 2472 καὶ
1030 2417 1154 2483 περὶ
1173 2413 1420 2485 ἀριθμοῦ
1439 2410 1468 2468 ὁ
1489 2410 1704 2477 αὕτὸς”
1673 2433 1770 2467 ενα
1788 2432 1845 2466 τε
1863 2409 1951 2465 καὶ

269 2497 512 2565 πολλους
531 2503 731 2552 πείσει·
718 2540 732 2564 ,

391 2585 511 2636 ΑΛ.
583 2585 710 2636 Ναί.

403 2667 528 2717 ΣΩ.
609 2653 788 2726 Οὗτος
806 2659 853 2716 δ’
873 2658 1070 2718 ἔσταιὸ
1093 2660 1275 2731 εἰδώς,
1297 2657 1326 2716 ὁ
1347 2655 1733 2730 ἀριθμητικός;

391 2748 504 2797 ΑΛ.
573 2743 738 2799 Πάνυ
756 2765 831 2814 γε.
