2028 3198
259 155 364 208 258
864 157 1338 205 ΠΛΑΤΩΝΟΣ
1867 165 1949 208 120
2013 225 2019 232 μ

207 308 240 348 Ε
265 298 488 361 τυφλοῦ
525 295 745 363 πορείᾳ·
785 287 909 344 ἀλλ’
943 286 1011 344 οὐ
1040 288 1152 359 μὴν
1182 289 1540 346 ἀπεικαστέον
1569 291 1669 347 τόν
1697 313 1759 361 γε
1787 292 1947 362 τέχνῃ

263 372 519 443 μετιόντα
549 370 742 427 ὁτιοῦν
767 378 965 445 τυφλῷ
992 369 1123 427 οὐδὲ
1142 378 1342 446 κωφῷ,
1381 371 1519 428 ἀλλὰ
1545 378 1716 444 δῆλον
1738 369 1839 440 ὡς,
1877 371 1948 427 ἄν

262 453 339 526 τῷ
358 476 439 518 τις
456 457 616 527 τέχνῃ
637 454 837 525 λόγους
858 458 1018 529 διδῷ,
1057 453 1161 524 τὴν
1189 452 1386 510 οὐσίαν
1416 458 1575 521 δείξει
1594 453 1833 526 άκριβοός
1854 461 1950 524 τῆς

266 533 488 604 φύσεως
517 536 752 608 τούτου,
787 536 924 607 πρὸς
955 533 984 591 ὃ
1004 534 1134 600 τοὺς
1152 536 1354 607 λόγους
1373 542 1681 607 προσοίσει·
1721 542 1870 591 ἔσται
1890 535 1951 591 δέ

266 637 377 671 που
397 615 542 687 ψυχὴ
564 625 743 673 τοῦτο.

409 705 558 754 ΦΑΙ.
615 705 685 755 Τί
701 700 836 771 μήν;

148 791 236 837 271
411 787 534 837 Σῼ.
609 781 837 838 Οὐκοῦν
872 780 905 853 ἡ
945 782 1143 853 ἅμιλλα
1179 781 1327 857 αὐτῷ
1364 785 1578 838 τέταται
1614 783 1751 853 πρὸς
1785 789 1949 838 τοῦτο

266 870 416 920 πᾶσα
433 886 443 896 ·
466 864 645 921 πειθώ
667 866 774 937 γὰρ
799 869 860 921 ἐν
877 867 1054 939 τούτῳ
1076 877 1253 920 ποιεῖν
1272 868 1550 935 ἐπιχειρεῖ·
1571 861 1607 937 ἦ
1624 866 1761 936 γάρ;

408 952 559 1001 ΦΑΙ.
615 953 744 1003 Ναί.

411 1035 537 1084 Σῼ.
591 1036 786 1101 Δῆλον
805 1029 911 1098 ἄρα
942 1029 1027 1084 ὅτι
1046 1026 1074 1083 ὁ
1099 1029 1463 1101 Θρασύμαχός
1490 1052 1547 1085 τε
1576 1033 1666 1086 καὶ
1686 1028 1745 1095 ὂς
1761 1026 1833 1085 ἂν
1851 1028 1949 1085 ἅλ-

273 1119 368 1176 λος
388 1116 605 1182 σπουδῇ
623 1118 821 1183 τέχνην
842 1110 1138 1183 ῥητορικὴν
1171 1114 1332 1183 διδῷ,
1364 1117 1586 1181 πρῶτον
1615 1113 1763 1183 πάσῃ
1795 1112 1951 1180 άκρι-

268 1199 391 1266 βείᾳ
420 1193 620 1263 γράψει
651 1216 708 1248 τε
738 1196 830 1249 καὶ
861 1194 1078 1263 ποιήσει
1105 1192 1291 1263 ψυχὴν
1322 1196 1486 1262 ἰδεῖν,
1526 1194 1763 1263 πότερον
1783 1196 1843 1250 ἓν
1863 1196 1950 1249 καὶ

271 1272 465 1346 ὅμοιον
481 1277 730 1345 πέφυκεν
745 1272 781 1346 ἢ
799 1276 937 1331 κατὰ
955 1276 1204 1347 σώματος
1221 1274 1446 1347 μορφὴν
1460 1279 1744 1342 πολυειδές
1760 1299 1770 1308 ·
1790 1283 1951 1332 τοῦτο

270 1357 377 1426 γάρ
399 1379 582 1427 φαμεν
602 1357 779 1426 φύσιν
799 1358 938 1414 εἶναι
959 1358 1257 1414 δεικνύναι.

414 1445 561 1494 ΦΑΙ.
620 1442 948 1496 Παντάπασι
967 1442 1068 1512 μὲν
1088 1436 1205 1496 οὖν.

414 1527 542 1578 ΣΩ.
595 1524 884 1595 Δεύτερον
914 1527 976 1579 δέ
999 1547 1085 1595 γε,
1124 1523 1232 1598 ὅτῳ
1261 1531 1314 1579 τί
1342 1536 1517 1579 ποιεῖν
1545 1521 1581 1595 ἢ
1604 1533 1814 1580 ’παθεῖν
1844 1522 1950 1578 ὑπὸ

273 1611 375 1660 τοῦ
392 1608 656 1674 πέφυκεν.

416 1694 565 1742 ΦΑΙ.
630 1694 697 1743 Τί
713 1688 851 1759 μήν;

215 1781 248 1822 Β
415 1775 538 1824 ΣΩ.
603 1776 804 1836 Τρίτον
834 1771 892 1826 δὲ
924 1767 989 1840 δὴ
1022 1769 1411 1840 διαταξάμενος
1445 1767 1510 1823 τὰ
1550 1769 1735 1840 λόγων
1772 1791 1828 1824 τε
1867 1770 1955 1824 καὶ
2025 1771 2028 1775 ’

273 1857 450 1922 ψυχῆς
486 1854 620 1921 γένη
655 1850 836 1905 καὶτὰ
865 1851 1080 1923 τούτων
1108 1853 1409 1922 παθήματα
1440 1856 1598 1906 δίεισι
1635 1849 1730 1916 τὰς
1766 1856 1954 1920 αἰτίας,
2023 1863 2028 1907 ἶ

274 1933 711 2003 προσαρμόττων
728 1935 962 1987 ἕκαστον
990 1933 1199 2005 ἑκάστῳ
1229 1936 1321 1987 καὶ
1349 1933 1657 2003 διδάσκων,
1699 1937 1786 1987 οἵα
1816 1927 1955 1987 οὖσα

274 2013 377 2086 ὑφ’
407 2019 542 2071 οἵων
572 2015 758 2086 λόγων
790 2013 863 2069 δι’
894 2011 965 2086 ἣν
984 2018 1162 2070 αἰτίαν
1182 2018 1236 2080 ἐξ
1255 2012 1549 2084 άνάγκηςὴ
1571 2013 1672 2084 μὲν
1688 2018 1966 2092 πείθεται,

274 2098 307 2170 ἡ
331 2100 390 2156 δε
410 2099 643 2154 ἀπειθεῖ.

420 2177 571 2237 ΦΑΙ.
625 2182 908 2237 Κάλλιστα
926 2186 1069 2250 γοῦν
1088 2180 1186 2250 ἄν,
1211 2203 1282 2246 ως
1300 2180 1426 2237 ε”οικ
1439 2223 1454 2250 ,
1478 2185 1588 2250 ἔχοι
1611 2179 1801 2244 οὕτως.

415 2270 541 2318 ΣΩ.
600 2263 771 2319 Οὔτοι
790 2286 892 2334 μεν
910 2267 1042 2334 οὐν,
1078 2286 1120 2318 ω
1142 2269 1295 2334 φίλε,
1333 2263 1513 2328 ἄλλως
1532 2261 1956 2332 ἐνδεικνυμένον

274 2342 311 2417 ἢ
341 2347 644 2416 λεγόμενον
671 2350 832 2419 τέχνῃ
863 2346 994 2401 ποτε
1024 2345 1362 2450 λεχθήσεται
1381 2342 1418 2416 ἢ
1452 2345 1794 2416 γραφήσεται
1830 2340 1956 2397 ου’τε
2015 2395 2028 2435 4

219 2443 251 2484 G
280 2449 333 2483 τι
352 2426 486 2483 ἄλλο
518 2428 644 2483 ου’τε
664 2435 854 2484 τοῦτο·
892 2426 1014 2483 ἄλλ’
1048 2431 1106 2482 οι
1127 2450 1236 2482 νυν
1254 2427 1589 2498 γράφοντες,
1631 2449 1709 2482 ων
1729 2425 1800 2480 σύ
1818 2421 1957 2494 άκή-
2016 2438 2028 2489 53

279 2531 437 2580 κοας,
476 2512 667 2580 τέχνας
698 2511 883 2580 λόγων
912 2514 1224 2579 πανοῦργοί
1250 2514 1356 2564 εἰσι
1377 2512 1467 2564 καὶ
1491 2507 1954 2578 ἀποκρύπτονται,
2018 2512 2028 2551 ³.-

280 2595 483 2657 εἰδότες
508 2598 687 2662 ψυχῆς
715 2596 840 2663 πέρι
867 2591 1187 2662 παγκάλως·
1225 2593 1358 2661 πρὶν
1386 2588 1458 2646 ἂν
1489 2585 1595 2646 οὖν
1622 2590 1721 2644 τὸν
1748 2587 1956 2656 τρόπον

277 2682 479 2730 τοῦτον
517 2678 722 2745 λέγωσί
756 2696 814 2729 τε
852 2676 944 2729 καὶ
979 2672 1261 2745 γράφωσι,
1313 2673 1386 2745 μὴ
1423 2669 1737 2741 πειθώμεθ’
1772 2666 1955 2731 αὐτοῖς

275 2759 435 2830 τέχνῃ
454 2757 707 2829 γράφειν.

424 2846 569 2894 ΦΑΙ.
635 2845 770 2894 Τίνα
789 2844 988 2894 τοῦτον
1004 2865 1019 2907 ;
