2028 3198
166 17 216 51 q
1028 39 1029 42 ,

23 0 129 197 ξθί
642 100 759 148 ΛΝ
775 99 1143 148 ΤΕΡΑΣΤΛ
1154 98 1197 146 I.
1660 97 1764 149 361

36 235 41 238 ’
70 238 124 290 εἰ
138 233 340 305 ταύτης
359 238 437 289 ἔτι
453 234 806 302 φαυλοτέραν
827 229 1115 301 ὑπεθέμην
1128 252 1139 262 ·
1159 229 1325 287 οὐδὲν
1343 231 1448 302 γάρ
1471 234 1607 288 ἐστι·
1627 230 1767 301 πρὸς

73 318 261 387 μέντοι
279 315 341 372 σὲ
355 311 524 371 οὐδὲν
539 316 732 385 δέομαι
751 310 900 382 παρὰ
921 314 1090 378 δόξαν
1109 320 1464 385 φιλονεικεῖν,
1483 310 1608 369 ἀλλ’
1629 310 1767 384 ὁμο-

74 406 222 469 λογο
252 398 326 469 μὴ
359 397 425 453 τὰ
455 396 632 453 πολλὰ
653 394 791 452 ἀλλὰ
815 393 880 450 τὰ
912 399 1104 466 με’τρια
1131 395 1411 466 γυμνάσια
1429 393 1531 466 τὴν
1551 393 1767 460 εὐεξίαν

73 486 324 554 ἐμποιεῖν
340 490 455 544 τοῖς
473 476 814 546 ἀνθρώποις.
892 483 961 533 Τί
976 477 1034 533 δὲ
1051 475 1116 533 τὰ
1138 484 1311 545 σιτία,
1348 477 1415 533 τὰ
1434 479 1625 549 μέτρια
1645 474 1680 549 ἦ
1700 477 1766 534 τὰ

7 607 21 634 2-
73 562 280 628 πολλάς
317 566 463 632 ἔφην
490 561 614 631 ἐγώ.
674 563 782 616 Καὶ
801 559 868 615 τά
892 565 1034 615 σιτία
1055 556 1339 631 ὡμολόγει.
1397 560 1514 617 ”Eu
1534 562 1592 616 δὲ
1613 557 1764 630 κάγώ

74 643 534 717 προσηνάγκαζον
552 640 726 698 αὐτὸν
745 640 1037 713 ὁμολογεῖν
1057 643 1146 698 καὶ
1166 636 1337 698 τᾶλλα
1355 643 1538 698 πάντα
1557 642 1622 697 τὰ
1643 643 1765 711 περὶ

16 730 18 733 ’
74 725 136 784 τὸ
179 732 337 798 σῶμα
375 724 771 796 ὠφελιμώτατα
802 723 941 780 εἶναι
973 726 1184 794 μέτρια,
1218 722 1357 780 ἀλλὰ
1390 723 1462 796 μὴ
1492 747 1559 780 τα
1591 721 1767 780 πολλὰ

76 810 213 882 μηδὲ
233 832 299 865 τα
320 806 504 878 ὀλίγα·
537 813 634 863 καί
650 829 744 878 μοι
764 804 1034 877 ὡμολόγει
1054 804 1118 860 τὰ
1139 809 1346 876 μέτρια.
1404 813 1473 862 Τί
1486 808 1573 876 δέ,
1605 810 1766 878 ἔφην,

75 913 142 947 τα
172 892 295 959 περὶ
325 888 427 960 τὴν
456 889 669 959 ψυχήν,
707 886 774 943 τὰ
808 888 1000 958 μέτρια
1032 883 1238 957 ὠφελεῖ
1264 884 1299 957 ἢ
1328 885 1395 942 τὰ
1426 886 1632 958 ἄμετρα
1654 894 1767 942 τών

76 973 576 1042 προσφερομένων;
619 969 696 1025 Ta
726 978 944 1040 μέτρια,
968 973 1088 1039 ἔφη
1138 967 1369 1024 Οὐκοῦν
1385 971 1447 1024 ἓν
1464 975 1579 1024 τῶν
1597 987 1766 1038 προς-

77 1056 405 1125 φερομένων
435 1059 583 1123 ψυχῇ
611 1053 722 1108 ἐστὶ
752 1052 843 1106 καὶ
872 1053 938 1107 τὰ
959 1052 1288 1123 μαθήματα,
1315 1049 1616 1122 Ὡμολόγει.
1655 1051 1765 1105 Καὶ

0 1171 2 1207 3
75 1137 292 1192 τούτων
307 1135 414 1203 ἄρα
431 1133 496 1190 τὰ
511 1138 702 1205 με’τρια
726 1132 943 1204 ώφελεῖ,
967 1130 1088 1188 ἀλλ’
1109 1131 1179 1189 οὐ
1197 1133 1263 1188 τὰ
1287 1133 1465 1189 πολλά
1478 1157 1492 1200 ;
1514 1133 1763 1203 Συνέφη.

0 1209 2 1215 “
220 1224 301 1273 111.
382 1223 519 1273 Τίνα
540 1210 646 1272 οὖν
674 1216 930 1287 ἐρόμενοι
948 1212 1019 1270 ἄν
1041 1219 1263 1280 δικαίως
1282 1219 1564 1286 ἐροίμεθα,
1587 1211 1765 1271 ὁποῖοι

77 1305 286 1372 μέτριοι
315 1301 480 1356 πόνοι
510 1302 599 1355 καὶ
628 1306 771 1355 σιτία
792 1298 932 1367 πρὸς
952 1299 1010 1355 τὸ
1034 1298 1191 1370 σῶμά
1212 1302 1389 1366 ἐστιν,
1420 1295 1764 1369 Ὡμολογοῦ-

77 1405 181 1455 μεν
199 1394 344 1453 τρεῖς
363 1382 548 1451 ὄντες,
588 1380 671 1437 ὅτι
700 1382 895 1451 ἰατρὸν
919 1378 955 1452 ἢ
985 1385 1362 1452 παιδοτρίβην.
1443 1386 1577 1436 Τίνα
1608 1377 1661 1435 δ’
1693 1375 1765 1435 ἂν

75 1467 202 1533 περὶ
221 1465 550 1534 σπερμάτων
570 1470 798 1533 σπορᾶς,
820 1460 1031 1519 ὁπόσον
1050 1466 1299 1534 μέτριον,
1319 1465 1426 1518 Καὶ
1445 1462 1648 1518 τούτου
1667 1459 1764 1518 τὸν

76 1543 330 1617 γεωργὸν
350 1542 760 1616 ὡμολογοῦμεν.
807 1550 943 1600 Τίνα
963 1547 1020 1599 δὲ
1041 1546 1163 1613 περὶ
1190 1546 1537 1616 μαθημάτων
1558 1549 1633 1610 εἰς
1653 1538 1763 1611 ψυ-

77 1628 181 1700 χὴν
200 1627 523 1699 φυτεύσεώς
542 1649 598 1683 τε
615 1629 706 1683 καὶ
725 1633 937 1694 σπορᾶς
955 1629 1268 1695 ἐρωτῶντες
1287 1631 1510 1693 δικαίως
1528 1623 1602 1683 ἂν
1618 1630 1764 1695 ἐροί-

77 1718 252 1780 μεθα,
290 1707 469 1766 ὁπόσα
494 1710 585 1765 καὶ
609 1706 770 1765 ὁποῖα
789 1714 1007 1780 με’τρια;
1049 1709 1389 1765 τούντεῦθεν
1407 1707 1514 1782 ἤδη
1533 1709 1766 1780 ἀπορίας

76 1790 264 1861 μεστοὶ
290 1783 430 1861 ἦμεν
454 1788 719 1854 ἅπαντες·
754 1788 908 1860 κάγώ
931 1795 1285 1858 προσπαίζων
1304 1788 1509 1856 αὐτοὺς
1528 1788 1762 1863 ἠρόμην,

75 1872 390 1941 Βούλεσθε,
410 1875 580 1943 ἔφην,
610 1871 797 1943 ἐπειδὴ
820 1870 974 1944 ἡμεῖς
997 1876 1058 1928 ἐν
1076 1870 1284 1945 ἀπορίᾳ
1303 1875 1483 1944 ἐσμέν,
1505 1872 1764 1945 ἐρώμεθα

74 1954 231 2008 ταυτὶ
257 1949 323 2008 τὰ
342 1952 627 2023 μειράκια;
656 1949 694 2024 ἢ
714 1961 845 2018 ἴσως
863 1954 1269 2025 αἰσχυνόμεθα,
1305 1953 1488 2025 ὥσπερ
1509 1959 1614 2025 ἔφη
1635 1955 1765 2020 τοὺς

0 2067 4 2072 -
77 2030 658 2105 μνηστῆραςὍμηρος,
680 2034 753 2106 μή
776 2033 1084 2101 ἀξιούντων
1103 2036 1249 2092 εἷναί
1261 2058 1383 2091 τινα
1403 2035 1591 2107 ἄλλον,
1613 2034 1763 2103 ὅστις

74 2115 287 2170 ἐντενεῖ
308 2115 370 2170 τὸ
400 2115 591 2182 τόξονς
628 2115 815 2187 ἐπειδὴ
849 2111 955 2172 οὖν
984 2140 1078 2188 μοι
1105 2118 1343 2174 ἐδόκουν
1363 2116 1605 2189 ἀθυμεῖν
1624 2118 1763 2190 πρὸς

75 2196 179 2253 τὸν
197 2198 393 2268 λόγον,
422 2197 563 2270 ἄλλῃ
588 2200 902 2270 ἐπειρώμην
925 2213 1181 2269 σκοπεῖν,
1215 2203 1306 2257 καὶ
1327 2199 1510 2273 εἷπον,
1540 2208 1684 2260 Ποῖα
1703 2203 1762 2261 δὲ

75 2276 296 2352 μάλιστ’
320 2278 455 2334 ἄττα
473 2280 780 2351 τοπάζομεν
799 2280 938 2337 εἶναι
956 2289 1069 2338 τῶν
1096 2285 1443 2355 μαθημάτων
1457 2328 1470 2353 ,
1507 2282 1543 2340 ἃ
1562 2289 1649 2342 δεῖ
1660 2282 1761 2341 τὸν

1797 652 1832 692 D

1797 1806 1881 1852 135

75 2366 498 2433 φιλοσοφοῦντα
514 2362 847 2433 μανθάνειν,
865 2366 1051 2436 ἐπειδὴ
1067 2364 1190 2436 οὐχὶ
1206 2366 1386 2423 πάντα
1406 2364 1537 2425 οὐδὲ
1553 2368 1759 2435 πολλάς
1848 2420 1853 2424 ,

75 2441 377 2515 ὑπολαβών
397 2438 502 2499 οὖν
521 2442 551 2499 ὁ
574 2446 890 2516 σοφώτερος
917 2445 1072 2502 εἶπεν
1101 2444 1186 2503 ὅτι
1205 2448 1486 2505 Κάλλιστα
1506 2447 1649 2507 ταῦτ’
1675 2456 1757 2521 εἴη
1791 2466 1824 2509 Β

75 2533 189 2582 τῶν
222 2525 570 2597 μαθημάτων
598 2529 690 2583 καὶ
727 2528 1106 2599 προσήκοντα,
1146 2528 1248 2600 ἀφ’
1288 2524 1370 2587 ών
1400 2554 1473 2587 αν
1503 2537 1761 2603 πλειστην

75 2605 248 2673 δόξαν
266 2612 377 2678 ἔχοι
395 2629 474 2673 τις
493 2613 570 2673 εἰς
589 2614 955 2679 φιλοσοφίαν·
989 2617 1251 2682 πλείστην
1271 2609 1324 2667 δ’
1344 2633 1418 2666 αν
1436 2616 1547 2683 ἔχοι
1569 2613 1757 2683 δόξαν,

74 2692 127 2746 εἰ
142 2692 332 2761 δοκοίη
351 2712 464 2746 των
483 2697 693 2761 τεχνῶν
710 2694 966 2761 ἔμπειρος
986 2691 1126 2748 εἶναι
1147 2700 1344 2750 πασῶν
1357 2734 1371 2761 ,
1404 2698 1455 2749 εἰ
1472 2693 1530 2750 δὲ
1549 2694 1652 2766 μή,
1685 2692 1757 2759 ὥς

75 2776 348 2828 πλείστων
374 2794 435 2842 γε
468 2775 557 2827 καὶ
587 2772 821 2843 μάλιστα
841 2795 953 2830 των
973 2772 1305 2846 ἀξιολόγων,
1342 2775 1547 2846 μαθών
1573 2773 1759 2833 αὐτῶν
