2028 3198
698 213 966 261 ΦΙΛΗΒ
987 211 1099 261 ΟΣ.
1634 214 1733 264 131

190 351 318 404 ΣΩ.
357 345 503 418 Ὥρα
532 346 600 418 δὴ
629 347 1005 418 βουλεύεσθαι
1039 353 1156 419 νῷν
1186 347 1277 403 καὶ
1305 349 1430 418 περὶ
1457 353 1570 402 τῶν
1597 343 1735 419 ἡδο-

49 434 193 497 νῶν,
229 429 434 498 πότερα
467 428 559 483 καὶ
595 426 799 492 ταύτας
835 427 1015 493 πάσας
1049 427 1267 500 α’θρόας
1301 427 1538 499 ἀφετέον
1572 423 1610 499 ἢ
1639 430 1733 484 καὶ

50 509 260 565 τούτων
278 510 499 578 πρώτας
517 511 784 580 μεθετέον
800 507 935 581 ἡμῖν
954 508 1081 565 ὅσαι
1098 509 1338 581 ἀληθεῖς.

182 608 357 660 ΠΡΩ.
406 603 567 660 Πολύ
596 627 647 660 τι
675 608 921 676 διαφέρει
951 605 1088 673 πρός
1106 625 1168 674 γε
1187 602 1495 675 ἀσφάλειαν
1513 604 1733 675 πρώτας

46 682 142 749 τὰς
161 683 386 755 ἀληθεῖς
402 684 639 756 ἀφεῖναι.

185 785 313 836 ΣΩ.
388 786 739 837 ,Μεθείσθων
778 780 861 851 δή.
900 786 957 835 τί
990 779 1048 836 δὲ
1087 779 1221 851 μετὰ
1250 787 1452 847 ταῦτα;
1493 775 1585 850 ἆρ’
1626 779 1731 837 οὐκ

48 867 98 918 εἰ
131 866 233 934 μέν
267 884 412 928 τινες
446 861 768 934 ἀναγκαῖαι,
807 862 1062 933 καθάπερ
1099 865 1232 933 ε’κεϊ,
1272 865 1603 934 ξυμμικτέον
1640 866 1732 919 καὶ

50 944 277 1009 ταύτας;

187 1042 359 1093 ΠΡΩ.
422 1043 491 1093 Τί
506 1037 559 1093 δ’
582 1038 677 1104 οὔ;
699 1039 795 1104 τάς
813 1061 875 1109 γε
894 1037 1197 1108 ἀναγκαίας
1217 1039 1522 1110 δήπουθεν.

185 1138 308 1189 ΣΩ.
364 1138 439 1189 Εἰ
455 1136 519 1189 δέ
535 1155 598 1203 γε
617 1140 736 1205 καί,
757 1135 1015 1204 καθάπερ
1036 1133 1132 1199 τὰς
1150 1137 1341 1205 τέχνας
1360 1133 1539 1199 πάσας
1558 1132 1733 1206 ἄβλα-
1761 1149 1817 1194 63

44 1218 135 1285 βές
158 1236 214 1271 τε
233 1217 324 1271 καὶ
355 1214 634 1286 ω’φέλιμον
661 1210 733 1286 ἦν
755 1219 1081 1272 ἐπίστασθαι
1111 1215 1201 1270 διὰ
1229 1222 1384 1288 βίου,
1422 1217 1515 1273 καὶ
1532 1222 1643 1272 νῦν
1663 1214 1729 1288 δὴ

47 1294 215 1351 ταῦτα
252 1301 488 1368 λέγομεν
526 1300 649 1367 περὶ
681 1304 794 1353 τῶν
829 1296 1078 1369 ἡδονῶν,
1110 1306 1271 1371 ςῖπερ
1308 1297 1485 1364 πάσας
1522 1296 1730 1376 ἡδονὰς

47 1377 283 1448 ἥδεσθαι
331 1379 420 1435 διὰ
465 1387 593 1452 βίου
631 1383 921 1451 συμφέρον
955 1403 1012 1436 τε
1048 1379 1181 1452 ἡμῖν
1218 1381 1328 1436 ἐστὶ
1364 1382 1456 1436 καὶ
1493 1378 1731 1452 ἀβλαβὲς

44 1457 243 1539 ἅπασι,
266 1461 443 1526 πάσας
462 1465 817 1532 συγκρατέον.

184 1559 356 1611 ΠΡΩ.
416 1563 547 1626 ῌῶς
564 1552 671 1612 οὖν
692 1556 757 1629 δὴ
779 1558 903 1628 περὶ
923 1555 1109 1612 αὐτῶν
1128 1556 1342 1611 τούτων
1360 1560 1620 1627 λέγομεν;
1641 1557 1732 1611 καὶ

43 1643 161 1703 πῶς
178 1645 451 1709 ποιῶμενς

186 1738 311 1790 ΣΩ.
367 1733 485 1805 Οὐχ
513 1732 681 1806 ἡμᾶς,
723 1728 767 1790 ὦ
792 1733 1122 1805 Πρώταρχε,
1163 1737 1432 1806 διερωτᾷν
1467 1733 1598 1805 χρή,
1635 1732 1731 1798 τὰς

43 1813 248 1886 ἡδονὰς
278 1815 337 1871 δὲ
366 1813 539 1880 αὐτὰς
566 1818 656 1871 καὶ
686 1814 783 1882 τὰς
813 1816 1135 1887 φρονήσεις,
1174 1816 1730 1885 διαπυνθανομένους

42 1895 102 1952 τὸ
123 1897 339 1953 τοιόνδε
358 1894 615 1967 ἀλλήλων
635 1902 774 1967 πέρι.
1762 1913 1794 1954 Β

180 1983 350 2035 ΠΡΩ.
414 1978 487 2034 Τὸ
509 1991 698 2045 notum

182 2065 305 2118 ΣΩ.
356 2054 419 2117 Ὦ
439 2067 622 2131 φίλαι,
659 2069 765 2118 εἴτε
785 2058 989 2133 ἡδονὰς
1008 2060 1150 2133 ὑμᾶς
1167 2060 1268 2133 χρὴ
1291 2063 1728 2134 προσαγορεύειν

39 2151 144 2201 εἴτε
179 2142 329 2216 ἄλλῳ
358 2140 578 2217 ὁτῳοῦν
607 2141 863 2215 ὀνόματι,
895 2150 1017 2214 μῶν
1045 2141 1149 2199 οὐκ
1181 2139 1251 2199 ἄν
1281 2145 1536 2210 δέξαισθε
1557 2147 1728 2200 οἰκεῖν

0 2282 1 2292 ¹
41 2222 175 2295 μετὰ
208 2224 534 2296 φρονήσεως
564 2225 743 2297 πάσης
772 2221 807 2296 ἢ
834 2227 998 2296 χωρὶς
1025 2232 1126 2280 τοῦ
1154 2237 1416 2296 φρονεῐν;
1456 2223 1603 2298 οἶμαι
1625 2224 1728 2297 μὲν

42 2306 179 2374 πρὸς
199 2311 372 2361 ταῦτα
390 2305 509 2362 τόδ’
531 2305 701 2372 αὐτὰς
719 2305 1159 2376 ἀναγκαιότατον
1177 2305 1316 2362 εἷναι
1338 2309 1530 2379 λέγειν.

184 2392 350 2444 ΠΡΩ.
411 2387 485 2443 Τό
508 2400 698 2455 ποτονς
1534 2449 1539 2455 ,

182 2473 305 2524 ΣΩ.
368 2467 486 2524 Ὅτι
522 2470 779 2538 καθάπερ
820 2474 1139 2541 ἔμπροσθεν
1174 2469 1416 2542 ἐρρήθη,
1453 2469 1515 2527 τό
1547 2469 1727 2542 μόνον

39 2553 130 2608 καὶ
160 2554 367 2621 ἔρημον
398 2551 684 2618 εἰλικρινὲς
710 2549 858 2606 εἷναί
878 2573 930 2606 τι
958 2553 1117 2622 γε’νος
1146 2550 1274 2607 οὔτε
1291 2551 1444 2607 πάνυ
1475 2573 1524 2607 τι
1551 2554 1726 2607 δυνα-

38 2631 139 2688 τὸν
157 2630 279 2687 οὔτ’
305 2629 611 2703 ὠφέλιμον·
633 2630 859 2687 πάντων
875 2653 937 2703 γε
957 2631 1070 2705 μὴν
1090 2630 1378 2705 ἡγούμεθα
1396 2639 1578 2704 γενῶν
1598 2631 1723 2703 ἄρι-
1754 2645 1783 2686 c

40 2731 174 2770 στον
211 2717 272 2771 ἓν
317 2712 453 2771 ἀνθ’
499 2714 622 2780 ἑνὸς
662 2725 943 2772 συνοικεῖν
986 2713 1119 2788 ἡμῖν
1152 2713 1214 2771 τό
1250 2723 1352 2771 τοῦ
1394 2713 1726 2785 γιγνώσκειν

38 2788 212 2852 τᾶλλά
240 2817 297 2852 τε
319 2795 498 2851 πάντα
518 2798 608 2852 καὶ
631 2797 770 2869 [τήν]
790 2793 976 2853 αὐτῶν
994 2795 1153 2870 ἡμῶν
1172 2801 1366 2863 τελέως
1386 2800 1461 2861 εἰς
1480 2795 1721 2868 δύναμιν

41 2876 292 2948 ὗκάστην.

1398 2961 1426 3006 9
1441 2957 1462 2986 Ψ
