2028 3198
743 141 1142 189 ΦΤΛΗΒΟΣ.
1721 140 1787 192 57

0 286 11 338 ‘t
105 277 511 346 διεσπασμένην
529 272 815 330 καὶπολλὰ
831 284 1132 343 γεγονυῖαν
1149 277 1372 345 θετέον,
1394 273 1505 332 εἶθ’
1527 274 1667 347 ὅλην
1686 275 1790 331 αὐ·-

102 356 207 429 τὴν
225 354 396 428 αὐτῆς
409 361 589 427 χωρίς,
610 352 644 410 ὃ
659 353 726 426 δὴ
744 354 974 410 πάντων
989 353 1416 413 άδυναταὶτατον
1434 354 1677 429 φαίνοιτ’
1699 356 1786 427 ἄν,

103 436 310 494 ταύτὸν
329 441 420 493 καὶ
438 440 501 494 ἓν
518 436 632 507 ἅμα
650 438 713 492 ἐν
732 437 820 492 ἑνί
832 457 890 491 τε
918 437 1011 492 καὶ
1039 444 1262 503 πολλοῖς
1289 447 1583 509 γίγνεσθαι
1595 481 1608 494 .
1639 435 1785 494 ταῦτ’

101 524 214 576 ἔστι
242 518 309 574 τὰ
338 521 462 589 περὶ
489 517 557 574 τὰ
587 524 814 574 τοιαῦτα
844 520 907 573 ἓν
935 520 1028 573 καὶ
1058 521 1263 590 πολλά,
1303 519 1418 576 ἀλλ’
1450 519 1554 576 οὐκ
1587 523 1787 591 ἐκεῖνα,

103 623 145 655 ω
127 594 491 671 Πρώταρχε,
530 597 747 671 ἁπάσης
776 598 1008 670 ἀπορίας
1035 608 1181 655 αἴτια
1201 599 1274 672 μὴ
1307 609 1487 667 καλῶς
1517 600 1851 675 ὁμολογη-
1820 610 1851 652 G

98 685 300 754 θέντα,
321 684 411 738 καὶ
433 681 696 751 εὐπορίας
715 677 787 736 ἄν
807 702 879 735 αυ
898 687 1096 746 καλως.

239 769 411 821 ΠΡΩ.
466 763 692 820 Οὐκοῦν
709 762 812 833 χρὴ
832 760 989 818 τοῦθ’
1009 760 1178 834 ἡμᾶς,
1211 786 1254 819 ω
1272 763 1599 834 Σώκρατες,
1631 768 1691 820 ἐν
1709 773 1787 839 τῷ

101 852 212 901 νῦν
230 853 453 916 πρῶτον
474 845 948 916 διαπονήσασθαι;

240 932 365 984 ΣΩ.
417 926 510 992 Ὡς
525 933 669 998 γοῦν
687 926 794 997 ἐγώ
817 931 990 998 φαίην
1010 925 1098 981 ἅν.

236 1015 404 1066 ῙΠΩ.
443 1010 554 1066 Καὶ
581 1009 791 1073 πάντας
819 1015 1012 1064 τοίνυν
1040 1006 1183 1079 ἡμᾶς
1203 1006 1452 1082 ὑπόλαβε
1481 1020 1790 1080 συγχωρεῖν

99 1107 187 1147 σοι
211 1092 412 1148 τούσδε
430 1090 497 1147 τὰ
522 1098 751 1147 τοιαῦτα
765 1112 778 1124 ·
813 1097 1061 1162 Φίληβον
1081 1089 1135 1146 δ’
1162 1099 1295 1157 ἴσως
1314 1090 1612 1163 κράτιστον
1631 1093 1691 1146 ἐν
1709 1097 1787 1163 τῷ

54 1172 65 1177 ’
98 1179 207 1228 νῦν
223 1175 582 1243 ἐπερωτῶντα
602 1173 675 1246 μὴ
695 1187 872 1230 κινεῖν
891 1168 956 1230 εὖ
976 1178 1246 1244 κείμενον.

239 1262 326 1314 Vl.
364 1263 488 1313 ΣΩ.
522 1257 654 1313 Εἶεν
668 1279 679 1290 ·
699 1258 883 1312 πόθεν
902 1250 1007 1311 οὖν
1023 1279 1105 1322 τις
1121 1257 1324 1328 ταύτης
1342 1255 1566 1329 ἄρξηται
1582 1264 1790 1329 πολλῆς
1819 1273 1853 1312 D

98 1338 267 1409 οὔσης
295 1341 386 1395 καὶ
414 1345 676 1404 παντοίας
705 1337 912 1407 περὶτὰ
944 1338 1440 1411 ἀμφισβητούμενα
1459 1340 1660 1411 μάχης;
1698 1335 1802 1409 ἆρ”

96 1422 354 1486 ἐνθένδες

236 1509 403 1560 ΠΡΩ,
459 1506 683 1569 Πόθεν;

239 1591 363 1643 ΣΩ.
402 1589 594 1657 Φαμέν
612 1606 722 1641 που
739 1584 946 1641 ταύτὸν
965 1589 1026 1642 ἓν
1045 1589 1137 1643 καὶ
1158 1586 1334 1643 πολλὰ
1358 1586 1471 1644 ὑπὸ
1492 1587 1680 1658 λόγων
1695 1610 1783 1658 γι-

94 1669 340 1739 γνόμενα
369 1671 704 1739 περιτρέχειν
733 1670 913 1741 πάντῃ
932 1668 1056 1725 καθ’
1080 1672 1311 1725 ἕκαστον
1335 1676 1449 1726 τῶν
1468 1672 1782 1741 λεγομένων

96 1749 181 1807 ἀεὶ
210 1753 302 1807 καὶ
330 1752 499 1807 πάλαι
528 1753 620 1807 καὶ
647 1758 782 1821 νῦν,
815 1756 906 1808 καὶ
930 1759 1094 1808 τοῦτο
1115 1750 1243 1807 οὔτε
1261 1750 1334 1824 μὴ
1358 1750 1639 1824 παύσηταί
1651 1772 1782 1809 ποτε

97 1833 224 1889 οὔτε
242 1832 444 1905 ἤρξατο
464 1840 599 1903 νῦν,
631 1832 746 1889 ἀλλ’
766 1838 879 1889 ἔστι
898 1836 958 1889 τὸ
979 1840 1251 1905 τοιοῦτον,
1278 1831 1351 1900 ὡς
1369 1837 1487 1906 ἐμοὶ
1509 1840 1779 1906 φαίνεται,

93 1923 171 1971 τῶ
178 1938 206 1970 ν
221 1916 406 1984 λόγων
418 1913 604 1970 αὐτῶν
619 1914 910 1971 ἀθάνατόν
924 1938 975 1971 τι
990 1918 1080 1972 καὶ
1097 1915 1322 1989 ἀγήρων
1343 1917 1528 1983 πάθος
1544 1920 1604 1974 ἐν
1622 1915 1753 1989 ἡμῖν
1768 1940 1778 1950 ·

92 1995 123 2053 ὁ
143 1998 202 2055 δὲ
220 2004 444 2067 πρῶτον
458 1995 635 2053 αὐτοῦ
649 1999 988 2069 γευσάμενος
1003 1999 1259 2055 ἑκάστοτε
1275 2006 1389 2054 ταῖν
1405 2004 1566 2069 νέων,
1586 1998 1780 2071 ἡσθεὶς

31 2141 40 2147 ‚
93 2078 168 2145 ὥς
185 2101 307 2136 τινα
328 2086 527 2151 σοφίας
547 2077 795 2151 εὑρηκώς
813 2084 1133 2153 θησαυρόν,
1170 2081 1263 2153 ὑφ’
1284 2081 1490 2154 ἡδονῆς
1509 2085 1779 2157 ἐνθουσιᾷ
1812 2098 1844 2138 Ε

16 2164 34 2222 'J
91 2183 148 2218 τε
176 2165 267 2219 καὶ
296 2164 475 2219 πάντα
504 2175 652 2219 κινεῖ
674 2164 844 2234 λόγον
873 2163 1139 2236 ἄσμενος,
1173 2165 1295 2222 τοτὲ
1324 2165 1428 2237 μὲν
1455 2168 1541 2221 ἐπὶ
1567 2163 1783 2236 θάτερα

26 2265 30 2274 ’
91 2251 314 2300 κυκλῶν
342 2247 433 2301 καὶ
463 2246 778 2317 συμφόρων
807 2252 882 2312 εἰς
909 2249 1000 2314 ἕν,
1036 2248 1155 2303 τοτὲ
1177 2251 1235 2302 δὲ
1264 2248 1433 2303 πάλιν
1463 2246 1783 2304 άνειλίττων

28 2331 42 2359 ”
91 2329 179 2384 καὶ
197 2331 539 2399 διαμερίζων,
558 2334 634 2394 εἰς
651 2328 890 2398 ἀπορίαν
901 2328 1072 2386 αὑτὸν
1083 2330 1187 2401 μὲν
1197 2337 1421 2401 πρῶτον
1437 2332 1528 2388 καὶ
1544 2331 1778 2402 μάλιστα

92 2411 472 2480 καταβάλλων,
491 2412 756 2479 δεύτερον
773 2411 816 2467 δ’
837 2409 921 2467 ἀεὶ
936 2411 1035 2467 τὸν
1051 2412 1331 2483 ἐχόμενον,
1352 2411 1423 2469 ἄν
1438 2435 1495 2469 τε
1511 2413 1778 2484 νεώτερος

91 2491 165 2546 ἄν
193 2511 248 2546 τε
286 2492 659 2563 πρεσβύτερος
688 2494 760 2549 ἅν
789 2517 845 2549 τε
874 2489 995 2565 ἧλιξ
1026 2492 1107 2549 οόν
1138 2493 1409 2568 τυγχάνῃ,
1448 2495 1778 2567 φειδόμενος

19 2587 26 2594 ’
48 2615 54 2618 -
89 2571 217 2629 οὔτε
255 2575 460 2643 πατρὸς
497 2576 622 2631 οὔτε
660 2576 863 2647 μητρὸς
903 2575 1031 2631 οὔτε
1068 2576 1242 2633 ἄλλου
1288 2585 1400 2634 τῶν
1447 2575 1774 2634 ἀκουόντων
1805 2599 1858 2644 16

89 2653 345 2722 οὐδενός,
380 2655 573 2728 ὀλίγον
599 2659 657 2715 δὲ
687 2661 777 2716 καὶ
804 2667 916 2715 τῶν
945 2658 1128 2715 ἄλλων
1158 2660 1339 2731 ζώων,
1372 2659 1440 2717 ού
1470 2661 1648 2731 μόνον
1667 2666 1779 2716 τῶν

91 2737 430 2810 ἀνθρώπων,
454 2742 568 2797 ἐπεὶ
586 2742 892 2813 βαρβάρων
909 2763 970 2812 γε
991 2740 1221 2807 οὐδενὸς
1242 2741 1315 2798 ἂν
1334 2748 1601 2814 φείσαιτο,
1625 2749 1777 2813 εἴπερ

88 2821 266 2891 μόνον
291 2824 526 2894 ἑρμηνέα
558 2825 739 2880 ποθὲν
763 2828 886 2894 ἔχοι.
