<?xml version="1.0" encoding="UTF-8"?>
<!DOCTYPE html PUBLIC "-//W3C//DTD XHTML 1.0 Transitional//EN"
    "http://www.w3.org/TR/xhtml1/DTD/xhtml1-transitional.dtd">
<html xmlns="http://www.w3.org/1999/xhtml" xml:lang="en" lang="en">
 <head>
  <title>
</title>
<meta http-equiv="Content-Type" content="text/html;charset=utf-8" />
  <meta name='ocr-system' content='tesseract 3.04.00' />
  <meta name='ocr-capabilities' content='ocr_page ocr_carea ocr_par ocr_line ocrx_word'/>
</head>
<body>
  <div class='ocr_page' id='page_1' title='image "./dialogisecumdumt02platuoft_0214.png"; bbox 0 0 2028 3198; ppageno 0'>
   <div class='ocr_carea' id='block_1_1' title="bbox 263 108 1999 195">
    <p class='ocr_par' dir='ltr' id='par_1_1' title="bbox 263 108 1999 195">
     <span class='ocr_line' id='line_1_1' title="bbox 263 108 1999 195; baseline -0.004 0"><span class='ocrx_word' id='word_1_1' title='bbox 263 141 366 195; x_wconf 76' lang='lat'><em>184</em></span> <span class='ocrx_word' id='word_1_2' title='bbox 860 138 1336 188; x_wconf 70' lang='lat' dir='ltr'><em>HAATszNOZ</em></span> <span class='ocrx_word' id='word_1_3' title='bbox 1879 143 1936 189; x_wconf 77' lang='lat'><em>46</em></span> <span class='ocrx_word' id='word_1_4' title='bbox 1998 108 1999 115; x_wconf 7' lang='grc' dir='ltr'>ἵ</span> 
     </span>
    </p>
   </div>
   <div class='ocr_carea' id='block_1_2' title="bbox 147 268 1999 2890">
    <p class='ocr_par' dir='ltr' id='par_1_2' title="bbox 147 268 1999 2890">
     <span class='ocr_line' id='line_1_2' title="bbox 262 268 1935 341; baseline -0.004 -9"><span class='ocrx_word' id='word_1_5' title='bbox 262 279 488 340; x_wconf 81' lang='grc' dir='ltr'><em>ἐκείνοις</em></span> <span class='ocrx_word' id='word_1_6' title='bbox 534 272 822 329; x_wconf 73' lang='grc' dir='ltr'><em>ἀθάνατον</em></span> <span class='ocrx_word' id='word_1_7' title='bbox 867 273 1022 336; x_wconf 86' lang='grc' dir='ltr'><em>κλέος</em></span> <span class='ocrx_word' id='word_1_8' title='bbox 1067 271 1158 326; x_wconf 81' lang='grc' dir='ltr'><em>καὶ</em></span> <span class='ocrx_word' id='word_1_9' title='bbox 1202 270 1426 341; x_wconf 82' lang='grc' dir='ltr'><em>μνήμην</em></span> <span class='ocrx_word' id='word_1_10' title='bbox 1464 273 1752 341; x_wconf 88' lang='grc' dir='ltr'><em>παρέχεται</em></span> <span class='ocrx_word' id='word_1_11' title='bbox 1797 268 1935 325; x_wconf 80' lang='grc' dir='ltr'><em>αὐτα</em></span> 
     </span>
     <span class='ocr_line' id='line_1_3' title="bbox 262 352 1939 424; baseline -0.004 -13"><span class='ocrx_word' id='word_1_12' title='bbox 262 363 486 413; x_wconf 83' lang='grc' dir='ltr'><em>τοιαῦτα</em></span> <span class='ocrx_word' id='word_1_13' title='bbox 506 354 642 411; x_wconf 78' lang='grc' dir='ltr'><em>ὄντα</em></span> <span class='ocrx_word' id='word_1_14' title='bbox 657 377 667 387; x_wconf 88' lang='grc'><em>·</em></span> <span class='ocrx_word' id='word_1_15' title='bbox 690 359 740 410; x_wconf 85' lang='grc' dir='ltr'><em>εἰ</em></span> <span class='ocrx_word' id='word_1_16' title='bbox 755 352 813 409; x_wconf 76' lang='grc' dir='ltr'><em>δὲ</em></span> <span class='ocrx_word' id='word_1_17' title='bbox 833 352 1049 424; x_wconf 79' lang='grc' dir='ltr'><em>βούλει,</em></span> <span class='ocrx_word' id='word_1_18' title='bbox 1073 358 1177 424; x_wconf 80' lang='grc' dir='ltr'><em>ἔφη</em></span> <span class='ocrx_word' id='word_1_19' title='bbox 1193 396 1206 421; x_wconf 86' lang='grc'><em>,</em></span> <span class='ocrx_word' id='word_1_20' title='bbox 1229 356 1379 418; x_wconf 81' lang='grc' dir='ltr'><em>οἴους</em></span> <span class='ocrx_word' id='word_1_21' title='bbox 1397 358 1723 423; x_wconf 86' lang='grc' dir='ltr'><em>Λυκοῦργος</em></span> <span class='ocrx_word' id='word_1_22' title='bbox 1745 355 1939 416; x_wconf 80' lang='grc' dir='ltr'><em>παῖδας</em></span> 
     </span>
     <span class='ocr_line' id='line_1_4' title="bbox 263 438 1940 508; baseline -0.002 -15"><span class='ocrx_word' id='word_1_23' title='bbox 263 443 579 494; x_wconf 83' lang='grc' dir='ltr'><strong><em>κατελίπετο</em></strong></span> <span class='ocrx_word' id='word_1_24' title='bbox 621 439 682 492; x_wconf 80' lang='grc' dir='ltr'><em>ἐν</em></span> <span class='ocrx_word' id='word_1_25' title='bbox 710 438 1082 505; x_wconf 83' lang='grc' dir='ltr'><em>Λακεδαίμονι</em></span> <span class='ocrx_word' id='word_1_26' title='bbox 1123 442 1370 508; x_wconf 83' lang='grc' dir='ltr'><em>σωτῆρας</em></span> <span class='ocrx_word' id='word_1_27' title='bbox 1406 441 1503 508; x_wconf 85' lang='grc' dir='ltr'><em>τῆς</em></span> <span class='ocrx_word' id='word_1_28' title='bbox 1530 439 1940 505; x_wconf 86' lang='grc' dir='ltr'><em>Λακεδαίμονος</em></span> 
     </span>
     <span class='ocr_line' id='line_1_5' title="bbox 262 514 1939 588; baseline -0.003 -12"><span class='ocrx_word' id='word_1_29' title='bbox 262 522 352 576; x_wconf 82' lang='grc' dir='ltr'><em>καὶ</em></span> <span class='ocrx_word' id='word_1_30' title='bbox 382 517 454 584; x_wconf 84' lang='grc' dir='ltr'><em>ῶς</em></span> <span class='ocrx_word' id='word_1_31' title='bbox 485 524 612 583; x_wconf 77' lang='grc' dir='ltr'><em>ἔπος</em></span> <span class='ocrx_word' id='word_1_32' title='bbox 641 523 812 574; x_wconf 79' lang='grc' dir='ltr'><em>εἰπεῖν</em></span> <span class='ocrx_word' id='word_1_33' title='bbox 840 524 934 588; x_wconf 86' lang='grc' dir='ltr'><em>τῆς</em></span> <span class='ocrx_word' id='word_1_34' title='bbox 958 514 1226 582; x_wconf 80' lang='grc' dir='ltr'><em>Ἑλλάδος.</em></span> <span class='ocrx_word' id='word_1_35' title='bbox 1264 522 1439 588; x_wconf 86' lang='grc' dir='ltr'><em>τίμιος</em></span> <span class='ocrx_word' id='word_1_36' title='bbox 1470 516 1528 573; x_wconf 77' lang='grc' dir='ltr'><em>δὲ</em></span> <span class='ocrx_word' id='word_1_37' title='bbox 1551 515 1672 588; x_wconf 89' lang='grc' dir='ltr'><em>παρ’</em></span> <span class='ocrx_word' id='word_1_38' title='bbox 1697 514 1827 588; x_wconf 81' lang='grc' dir='ltr'><em>ὑμῖν</em></span> <span class='ocrx_word' id='word_1_39' title='bbox 1851 517 1939 571; x_wconf 86' lang='grc' dir='ltr'><em>καὶ</em></span> 
     </span>
     <span class='ocr_line' id='line_1_6' title="bbox 262 597 1940 672; baseline -0.004 -13"><span class='ocrx_word' id='word_1_40' title='bbox 262 603 463 659; x_wconf 82' lang='grc' dir='ltr'><em>Σόλων</em></span> <span class='ocrx_word' id='word_1_41' title='bbox 494 601 582 657; x_wconf 74' lang='grc' dir='ltr'><em>διὰ</em></span> <span class='ocrx_word' id='word_1_42' title='bbox 611 598 714 672; x_wconf 87' lang='grc' dir='ltr'><em>τὴν</em></span> <span class='ocrx_word' id='word_1_43' title='bbox 744 606 856 655; x_wconf 87' lang='grc' dir='ltr'><em>τῶν</em></span> <span class='ocrx_word' id='word_1_44' title='bbox 891 598 1080 670; x_wconf 89' lang='grc' dir='ltr'><em>νόμων</em></span> <span class='ocrx_word' id='word_1_45' title='bbox 1107 601 1394 670; x_wconf 76' lang='grc' dir='ltr'><em>γέννησιν,</em></span> <span class='ocrx_word' id='word_1_46' title='bbox 1434 600 1523 654; x_wconf 84' lang='grc' dir='ltr'><em>καὶ</em></span> <span class='ocrx_word' id='word_1_47' title='bbox 1551 598 1708 654; x_wconf 77' lang='grc' dir='ltr'><em>ἄλλοι</em></span> <span class='ocrx_word' id='word_1_48' title='bbox 1740 597 1940 653; x_wconf 78' lang='grc' dir='ltr'><em>ἄλλοθι</em></span> 
     </span>
     <span class='ocr_line' id='line_1_7' title="bbox 205 677 1939 755; baseline -0.004 -14"><span class='ocrx_word' id='word_1_49' title='bbox 205 705 237 743; x_wconf 88' lang='grc' dir='ltr'>Ε</span> <span class='ocrx_word' id='word_1_50' title='bbox 269 690 547 755; x_wconf 85' lang='grc' dir='ltr'><em>πολλαχοῦ</em></span> <span class='ocrx_word' id='word_1_51' title='bbox 568 683 794 754; x_wconf 79' lang='grc' dir='ltr'><em>ἄνδρες,</em></span> <span class='ocrx_word' id='word_1_52' title='bbox 816 684 906 738; x_wconf 80' lang='grc' dir='ltr'><em>καὶ</em></span> <span class='ocrx_word' id='word_1_53' title='bbox 928 679 1215 751; x_wconf 73' lang='grc' dir='ltr'><em>ἐν’Έλλησι</em></span> <span class='ocrx_word' id='word_1_54' title='bbox 1235 683 1402 736; x_wconf 84' lang='grc' dir='ltr'><em>καὶέν</em></span> <span class='ocrx_word' id='word_1_55' title='bbox 1419 681 1744 752; x_wconf 78' lang='grc' dir='ltr'><em>βαρβάροις,</em></span> <span class='ocrx_word' id='word_1_56' title='bbox 1766 677 1939 735; x_wconf 72' lang='grc' dir='ltr'><em>πολλοὶ</em></span> 
     </span>
     <span class='ocr_line' id='line_1_8' title="bbox 260 761 1942 836; baseline -0.003 -14"><span class='ocrx_word' id='word_1_57' title='bbox 260 768 346 822; x_wconf 82' lang='grc' dir='ltr'><em>καὶ</em></span> <span class='ocrx_word' id='word_1_58' title='bbox 368 764 509 822; x_wconf 78' lang='grc' dir='ltr'><em>καλὰ</em></span> <span class='ocrx_word' id='word_1_59' title='bbox 529 763 950 836; x_wconf 73' lang='grc' dir='ltr'><em>ἀποφηνάμενοι</em></span> <span class='ocrx_word' id='word_1_60' title='bbox 969 769 1118 834; x_wconf 80' lang='grc' dir='ltr'><em>ἔργα,</em></span> <span class='ocrx_word' id='word_1_61' title='bbox 1139 762 1504 833; x_wconf 77' lang='grc' dir='ltr'><em>γεννήσαντες</em></span> <span class='ocrx_word' id='word_1_62' title='bbox 1524 769 1792 818; x_wconf 82' lang='grc' dir='ltr'><em>παντοίαν</em></span> <span class='ocrx_word' id='word_1_63' title='bbox 1812 761 1942 832; x_wconf 51' lang='grc' dir='ltr'><em>άρεε</em></span> 
     </span>
     <span class='ocr_line' id='line_1_9' title="bbox 260 842 1941 921; baseline -0.004 -16"><span class='ocrx_word' id='word_1_64' title='bbox 260 851 387 921; x_wconf 77' lang='grc' dir='ltr'><em>τήν·</em></span> <span class='ocrx_word' id='word_1_65' title='bbox 428 842 508 904; x_wconf 81' lang='grc' dir='ltr'><em>ῶν</em></span> <span class='ocrx_word' id='word_1_66' title='bbox 537 850 627 904; x_wconf 82' lang='grc' dir='ltr'><em>καὶ</em></span> <span class='ocrx_word' id='word_1_67' title='bbox 658 845 778 918; x_wconf 76' lang='grc' dir='ltr'><em>ἱερά</em></span> <span class='ocrx_word' id='word_1_68' title='bbox 808 845 983 903; x_wconf 77' lang='grc' dir='ltr'><em>πολλὰ</em></span> <span class='ocrx_word' id='word_1_69' title='bbox 1014 846 1118 918; x_wconf 79' lang='grc' dir='ltr'><em>ἤδη</em></span> <span class='ocrx_word' id='word_1_70' title='bbox 1150 848 1343 916; x_wconf 87' lang='grc' dir='ltr'><em>γέγονε</em></span> <span class='ocrx_word' id='word_1_71' title='bbox 1377 844 1466 900; x_wconf 76' lang='grc' dir='ltr'><em>διὰ</em></span> <span class='ocrx_word' id='word_1_72' title='bbox 1499 846 1627 910; x_wconf 77' lang='grc' dir='ltr'><em>τοὺς</em></span> <span class='ocrx_word' id='word_1_73' title='bbox 1655 845 1941 908; x_wconf 80' lang='grc' dir='ltr'><em>τοιούτους</em></span> 
     </span>
     <span class='ocr_line' id='line_1_10' title="bbox 262 926 1596 1000; baseline -0.004 -13"><span class='ocrx_word' id='word_1_74' title='bbox 262 935 474 1000; x_wconf 79' lang='grc' dir='ltr'><em>παῖδας,</em></span> <span class='ocrx_word' id='word_1_75' title='bbox 497 930 586 986; x_wconf 75' lang='grc' dir='ltr'><em>διὰ</em></span> <span class='ocrx_word' id='word_1_76' title='bbox 610 930 667 986; x_wconf 76' lang='grc' dir='ltr'><em>δὲ</em></span> <span class='ocrx_word' id='word_1_77' title='bbox 686 931 815 995; x_wconf 78' lang='grc' dir='ltr'><em>τοὺς</em></span> <span class='ocrx_word' id='word_1_78' title='bbox 833 929 1228 998; x_wconf 73' lang='grc' dir='ltr'><em>ἀνθρωπίνους</em></span> <span class='ocrx_word' id='word_1_79' title='bbox 1245 926 1478 992; x_wconf 82' lang='grc' dir='ltr'><em>οὐδενός</em></span> <span class='ocrx_word' id='word_1_80' title='bbox 1496 947 1596 983; x_wconf 85' lang='grc' dir='ltr'><em>πω.</em></span> 
     </span>
     <span class='ocr_line' id='line_1_11' title="bbox 400 1004 1942 1081; baseline -0.004 -12"><span class='ocrx_word' id='word_1_81' title='bbox 400 1018 625 1070; x_wconf 81' lang='lat' dir='ltr'><strong>XXVIII.</strong></span> <span class='ocrx_word' id='word_1_82' title='bbox 690 1018 875 1066; x_wconf 86' lang='grc' dir='ltr'><em>Ταῦτα</em></span> <span class='ocrx_word' id='word_1_83' title='bbox 890 1010 991 1081; x_wconf 74' lang='grc' dir='ltr'><em>μὲν</em></span> <span class='ocrx_word' id='word_1_84' title='bbox 1010 1005 1114 1065; x_wconf 76' lang='grc' dir='ltr'><em>οὖν</em></span> <span class='ocrx_word' id='word_1_85' title='bbox 1132 1012 1197 1066; x_wconf 77' lang='grc' dir='ltr'><em>τὰ</em></span> <span class='ocrx_word' id='word_1_86' title='bbox 1219 1009 1448 1079; x_wconf 72' lang='grc' dir='ltr'><em>ἐρωτικά</em></span> <span class='ocrx_word' id='word_1_87' title='bbox 1471 1019 1618 1079; x_wconf 73' lang='grc' dir='ltr'><em>ἴσως,</em></span> <span class='ocrx_word' id='word_1_88' title='bbox 1642 1004 1686 1065; x_wconf 77' lang='grc' dir='ltr'><em>ῶ</em></span> <span class='ocrx_word' id='word_1_89' title='bbox 1703 1009 1942 1079; x_wconf 78' lang='grc' dir='ltr'><em>Σώκρα-</em></span> 
     </span>
     <span class='ocr_line' id='line_1_12' title="bbox 147 1086 1940 1168; baseline -0.004 -14"><span class='ocrx_word' id='word_1_90' title='bbox 147 1117 235 1160; x_wconf 77' lang='lat'><em>210</em></span> <span class='ocrx_word' id='word_1_91' title='bbox 266 1119 370 1168; x_wconf 87' lang='grc' dir='ltr'><em>τες,</em></span> <span class='ocrx_word' id='word_1_92' title='bbox 390 1093 498 1152; x_wconf 71' lang='grc' dir='ltr'><em>κᾶν</em></span> <span class='ocrx_word' id='word_1_93' title='bbox 517 1094 587 1150; x_wconf 83' lang='grc' dir='ltr'><em>σὺ</em></span> <span class='ocrx_word' id='word_1_94' title='bbox 607 1099 901 1165; x_wconf 86' lang='grc' dir='ltr'><em>μυηθείης·</em></span> <span class='ocrx_word' id='word_1_95' title='bbox 923 1090 987 1148; x_wconf 72' lang='grc' dir='ltr'><em>τοὶ</em></span> <span class='ocrx_word' id='word_1_96' title='bbox 1012 1092 1070 1148; x_wconf 76' lang='grc' dir='ltr'><em>δὲ</em></span> <span class='ocrx_word' id='word_1_97' title='bbox 1089 1094 1242 1148; x_wconf 89' lang='grc' dir='ltr'><em>τέλεα</em></span> <span class='ocrx_word' id='word_1_98' title='bbox 1266 1095 1355 1150; x_wconf 84' lang='grc' dir='ltr'><em>καὶ</em></span> <span class='ocrx_word' id='word_1_99' title='bbox 1378 1093 1659 1163; x_wconf 82' lang='grc' dir='ltr'><em>ἐποπτικά,</em></span> <span class='ocrx_word' id='word_1_100' title='bbox 1682 1086 1759 1148; x_wconf 79' lang='grc' dir='ltr'><em>ῶν</em></span> <span class='ocrx_word' id='word_1_101' title='bbox 1782 1094 1940 1147; x_wconf 79' lang='grc' dir='ltr'><em>ἕνεκα</em></span> 
     </span>
     <span class='ocr_line' id='line_1_13' title="bbox 265 1171 1942 1247; baseline -0.004 -12"><span class='ocrx_word' id='word_1_102' title='bbox 265 1181 541 1236; x_wconf 75' lang='grc' dir='ltr'><em>καὶταῦτα</em></span> <span class='ocrx_word' id='word_1_103' title='bbox 562 1181 723 1246; x_wconf 83' lang='grc' dir='ltr'><em>ἔστιν,</em></span> <span class='ocrx_word' id='word_1_104' title='bbox 744 1175 842 1231; x_wconf 91' lang='grc' dir='ltr'><em>ε’άν</em></span> <span class='ocrx_word' id='word_1_105' title='bbox 862 1197 940 1239; x_wconf 88' lang='grc' dir='ltr'><em>τις</em></span> <span class='ocrx_word' id='word_1_106' title='bbox 958 1172 1144 1245; x_wconf 91' lang='grc' dir='ltr'><em>ὀρθῶς</em></span> <span class='ocrx_word' id='word_1_107' title='bbox 1163 1185 1334 1247; x_wconf 82' lang='grc' dir='ltr'><em>μετίῃ,</em></span> <span class='ocrx_word' id='word_1_108' title='bbox 1357 1174 1460 1231; x_wconf 78' lang='grc' dir='ltr'><em>οὐκ</em></span> <span class='ocrx_word' id='word_1_109' title='bbox 1481 1175 1588 1230; x_wconf 81' lang='grc' dir='ltr'><em>οἷδ’</em></span> <span class='ocrx_word' id='word_1_110' title='bbox 1610 1180 1659 1231; x_wconf 83' lang='grc' dir='ltr'><em>εἰ</em></span> <span class='ocrx_word' id='word_1_111' title='bbox 1675 1171 1789 1239; x_wconf 86' lang='grc' dir='ltr'><em>οἶός</em></span> <span class='ocrx_word' id='word_1_112' title='bbox 1807 1172 1845 1230; x_wconf 86' lang='grc' dir='ltr'><em>τ’</em></span> <span class='ocrx_word' id='word_1_113' title='bbox 1870 1171 1942 1230; x_wconf 74' lang='grc' dir='ltr'><em>οἶν</em></span> 
     </span>
     <span class='ocr_line' id='line_1_14' title="bbox 266 1252 1941 1333; baseline -0.004 -15"><span class='ocrx_word' id='word_1_114' title='bbox 266 1270 390 1333; x_wconf 76' lang='grc' dir='ltr'><em>εἴης.</em></span> <span class='ocrx_word' id='word_1_115' title='bbox 436 1262 544 1330; x_wconf 83' lang='grc' dir='ltr'><em>ἐρῶ</em></span> <span class='ocrx_word' id='word_1_116' title='bbox 574 1259 675 1330; x_wconf 79' lang='grc' dir='ltr'><em>μὲν</em></span> <span class='ocrx_word' id='word_1_117' title='bbox 705 1252 837 1328; x_wconf 79' lang='grc' dir='ltr'><em>οὖν,</em></span> <span class='ocrx_word' id='word_1_118' title='bbox 874 1261 1006 1327; x_wconf 82' lang='grc' dir='ltr'><em>ἔφη,</em></span> <span class='ocrx_word' id='word_1_119' title='bbox 1049 1255 1154 1327; x_wconf 81' lang='grc' dir='ltr'><em>ε’γῶ</em></span> <span class='ocrx_word' id='word_1_120' title='bbox 1174 1260 1264 1313; x_wconf 80' lang='grc' dir='ltr'><em>καὶ</em></span> <span class='ocrx_word' id='word_1_121' title='bbox 1285 1263 1598 1328; x_wconf 80' lang='grc' dir='ltr'><em>προθυμίας</em></span> <span class='ocrx_word' id='word_1_122' title='bbox 1617 1255 1784 1313; x_wconf 78' lang='grc' dir='ltr'><em>οὐδὲν</em></span> <span class='ocrx_word' id='word_1_123' title='bbox 1803 1255 1941 1312; x_wconf 77' lang='grc' dir='ltr'><em>άπο-</em></span> 
     </span>
     <span class='ocr_line' id='line_1_15' title="bbox 264 1333 1941 1412; baseline -0.004 -12"><span class='ocrx_word' id='word_1_124' title='bbox 264 1351 458 1409; x_wconf 83' lang='grc' dir='ltr'><em>λείψω·</em></span> <span class='ocrx_word' id='word_1_125' title='bbox 480 1348 648 1411; x_wconf 87' lang='grc' dir='ltr'><em>πειρῶ</em></span> <span class='ocrx_word' id='word_1_126' title='bbox 674 1341 731 1397; x_wconf 76' lang='grc' dir='ltr'><em>δὲ</em></span> <span class='ocrx_word' id='word_1_127' title='bbox 751 1342 1009 1410; x_wconf 80' lang='grc' dir='ltr'><em>ἕπεσθαι,</em></span> <span class='ocrx_word' id='word_1_128' title='bbox 1030 1336 1102 1394; x_wconf 72' lang='grc' dir='ltr'><em>ἄν</em></span> <span class='ocrx_word' id='word_1_129' title='bbox 1124 1336 1240 1404; x_wconf 84' lang='grc' dir='ltr'><em>οἷός</em></span> <span class='ocrx_word' id='word_1_130' title='bbox 1259 1361 1315 1395; x_wconf 90' lang='grc' dir='ltr'><em>τε</em></span> <span class='ocrx_word' id='word_1_131' title='bbox 1335 1333 1413 1412; x_wconf 83' lang='grc' dir='ltr'><em>ᾗς.</em></span> <span class='ocrx_word' id='word_1_132' title='bbox 1450 1343 1537 1395; x_wconf 82' lang='grc' dir='ltr'><em>δεῖ</em></span> <span class='ocrx_word' id='word_1_133' title='bbox 1549 1339 1673 1411; x_wconf 88' lang='grc' dir='ltr'><em>γάρ,</em></span> <span class='ocrx_word' id='word_1_134' title='bbox 1699 1344 1820 1411; x_wconf 73' lang='grc' dir='ltr'><em>ἔφη,</em></span> <span class='ocrx_word' id='word_1_135' title='bbox 1843 1337 1941 1395; x_wconf 79' lang='grc' dir='ltr'><em>τὸν</em></span> 
     </span>
     <span class='ocr_line' id='line_1_16' title="bbox 264 1420 1941 1497; baseline -0.004 -14"><span class='ocrx_word' id='word_1_136' title='bbox 264 1425 451 1497; x_wconf 89' lang='grc' dir='ltr'><em>ὀρθῶς</em></span> <span class='ocrx_word' id='word_1_137' title='bbox 471 1426 624 1482; x_wconf 85' lang='grc' dir='ltr'><em>ἰόντα</em></span> <span class='ocrx_word' id='word_1_138' title='bbox 645 1426 731 1480; x_wconf 85' lang='grc' dir='ltr'><em>ἐπὶ</em></span> <span class='ocrx_word' id='word_1_139' title='bbox 748 1428 911 1478; x_wconf 86' lang='grc' dir='ltr'><em>τοῦτο</em></span> <span class='ocrx_word' id='word_1_140' title='bbox 931 1444 989 1477; x_wconf 91' lang='grc' dir='ltr'><em>το</em></span> <span class='ocrx_word' id='word_1_141' title='bbox 1011 1428 1233 1492; x_wconf 80' lang='grc' dir='ltr'><em>πρᾶγμα</em></span> <span class='ocrx_word' id='word_1_142' title='bbox 1254 1420 1521 1492; x_wconf 76' lang='grc' dir='ltr'><em>ἄρχεσθαι</em></span> <span class='ocrx_word' id='word_1_143' title='bbox 1538 1424 1639 1493; x_wconf 80' lang='grc' dir='ltr'><em>μὲν</em></span> <span class='ocrx_word' id='word_1_144' title='bbox 1660 1424 1788 1477; x_wconf 88' lang='grc' dir='ltr'><em>νέον</em></span> <span class='ocrx_word' id='word_1_145' title='bbox 1807 1420 1941 1477; x_wconf 80' lang='grc' dir='ltr'><em>ὄντα</em></span> 
     </span>
     <span class='ocr_line' id='line_1_17' title="bbox 267 1501 1942 1578; baseline -0.004 -14"><span class='ocrx_word' id='word_1_146' title='bbox 267 1514 405 1564; x_wconf 82' lang='grc' dir='ltr'><em>ἰέναι</em></span> <span class='ocrx_word' id='word_1_147' title='bbox 425 1510 510 1564; x_wconf 89' lang='grc' dir='ltr'><em>ε’πὶ</em></span> <span class='ocrx_word' id='word_1_148' title='bbox 529 1506 594 1564; x_wconf 79' lang='grc' dir='ltr'><em>τὰ</em></span> <span class='ocrx_word' id='word_1_149' title='bbox 615 1507 751 1563; x_wconf 74' lang='grc' dir='ltr'><em>καλοὶ</em></span> <span class='ocrx_word' id='word_1_150' title='bbox 785 1506 1035 1578; x_wconf 75' lang='grc' dir='ltr'><em>σώματα,</em></span> <span class='ocrx_word' id='word_1_151' title='bbox 1076 1506 1167 1560; x_wconf 84' lang='grc' dir='ltr'><em>καὶ</em></span> <span class='ocrx_word' id='word_1_152' title='bbox 1203 1510 1423 1575; x_wconf 87' lang='grc' dir='ltr'><em>πρῶτον</em></span> <span class='ocrx_word' id='word_1_153' title='bbox 1459 1505 1586 1575; x_wconf 90' lang='grc' dir='ltr'><em>μέν,</em></span> <span class='ocrx_word' id='word_1_154' title='bbox 1625 1502 1721 1558; x_wconf 76' lang='grc' dir='ltr'><em>ἐὰν</em></span> <span class='ocrx_word' id='word_1_155' title='bbox 1757 1501 1942 1571; x_wconf 88' lang='grc' dir='ltr'><em>ὀρθῶς</em></span> 
     </span>
     <span class='ocr_line' id='line_1_18' title="bbox 263 1584 1940 1663; baseline -0.004 -17"><span class='ocrx_word' id='word_1_156' title='bbox 263 1589 460 1663; x_wconf 81' lang='grc' dir='ltr'><em>ἡγῆται</em></span> <span class='ocrx_word' id='word_1_157' title='bbox 495 1589 524 1646; x_wconf 90' lang='grc' dir='ltr'>ὁ</span> <span class='ocrx_word' id='word_1_158' title='bbox 562 1588 898 1662; x_wconf 80' lang='grc' dir='ltr'><em>ἡγούμενος,</em></span> <span class='ocrx_word' id='word_1_159' title='bbox 941 1586 1063 1652; x_wconf 84' lang='grc' dir='ltr'><em>ἑνὸς</em></span> <span class='ocrx_word' id='word_1_160' title='bbox 1090 1584 1261 1643; x_wconf 79' lang='grc' dir='ltr'><em>αὑτὸν</em></span> <span class='ocrx_word' id='word_1_161' title='bbox 1293 1584 1541 1656; x_wconf 78' lang='grc' dir='ltr'><em>σώματος</em></span> <span class='ocrx_word' id='word_1_162' title='bbox 1569 1587 1702 1659; x_wconf 78' lang='grc' dir='ltr'><em>έρᾷν</em></span> <span class='ocrx_word' id='word_1_163' title='bbox 1731 1588 1822 1641; x_wconf 80' lang='grc' dir='ltr'><em>καὶ</em></span> <span class='ocrx_word' id='word_1_164' title='bbox 1851 1590 1940 1641; x_wconf 86' lang='grc' dir='ltr'><em>ε’ν-</em></span> 
     </span>
     <span class='ocr_line' id='line_1_19' title="bbox 266 1664 1942 1746; baseline -0.005 -17"><span class='ocrx_word' id='word_1_165' title='bbox 266 1681 450 1730; x_wconf 84' lang='grc' dir='ltr'><em>ταῦθα</em></span> <span class='ocrx_word' id='word_1_166' title='bbox 477 1679 686 1746; x_wconf 78' lang='grc' dir='ltr'><em>γεννᾷν</em></span> <span class='ocrx_word' id='word_1_167' title='bbox 713 1672 914 1742; x_wconf 82' lang='grc' dir='ltr'><em>λόγους</em></span> <span class='ocrx_word' id='word_1_168' title='bbox 933 1670 1160 1740; x_wconf 84' lang='grc' dir='ltr'><em>καλούς,</em></span> <span class='ocrx_word' id='word_1_169' title='bbox 1199 1673 1381 1724; x_wconf 80' lang='grc' dir='ltr'><em>ἔπειτα</em></span> <span class='ocrx_word' id='word_1_170' title='bbox 1402 1666 1460 1723; x_wconf 73' lang='grc' dir='ltr'><em>δὲ</em></span> <span class='ocrx_word' id='word_1_171' title='bbox 1479 1664 1651 1723; x_wconf 81' lang='grc' dir='ltr'><em>αὐτὸν</em></span> <span class='ocrx_word' id='word_1_172' title='bbox 1670 1673 1942 1738; x_wconf 84' lang='grc' dir='ltr'><em>κατανοῆ-</em></span> 
     </span>
     <span class='ocr_line' id='line_1_20' title="bbox 203 1750 1944 1827; baseline -0.004 -16"><span class='ocrx_word' id='word_1_173' title='bbox 203 1772 235 1811; x_wconf 92' lang='grc' dir='ltr'>Β</span> <span class='ocrx_word' id='word_1_174' title='bbox 269 1773 378 1826; x_wconf 88' lang='grc' dir='ltr'><em>σαι,</em></span> <span class='ocrx_word' id='word_1_175' title='bbox 401 1754 484 1810; x_wconf 82' lang='grc' dir='ltr'><em>ὅτι</em></span> <span class='ocrx_word' id='word_1_176' title='bbox 499 1753 558 1810; x_wconf 82' lang='grc' dir='ltr'><em>τὸ</em></span> <span class='ocrx_word' id='word_1_177' title='bbox 582 1755 782 1819; x_wconf 81' lang='grc' dir='ltr'><em>κάλλος</em></span> <span class='ocrx_word' id='word_1_178' title='bbox 802 1753 862 1810; x_wconf 85' lang='grc' dir='ltr'><em>τὸ</em></span> <span class='ocrx_word' id='word_1_179' title='bbox 885 1755 971 1810; x_wconf 85' lang='grc' dir='ltr'><em>ἐπὶ</em></span> <span class='ocrx_word' id='word_1_180' title='bbox 990 1751 1204 1827; x_wconf 76' lang='grc' dir='ltr'><em>ὁτῳοῦν</em></span> <span class='ocrx_word' id='word_1_181' title='bbox 1224 1751 1430 1822; x_wconf 75' lang='grc' dir='ltr'><em>σώματι</em></span> <span class='ocrx_word' id='word_1_182' title='bbox 1449 1756 1523 1826; x_wconf 79' lang='grc' dir='ltr'><em>τῷ</em></span> <span class='ocrx_word' id='word_1_183' title='bbox 1544 1751 1629 1805; x_wconf 81' lang='grc' dir='ltr'><em>ἐπὶ</em></span> <span class='ocrx_word' id='word_1_184' title='bbox 1649 1751 1810 1825; x_wconf 77' lang='grc' dir='ltr'><em>ἑτέρῳ</em></span> <span class='ocrx_word' id='word_1_185' title='bbox 1833 1750 1944 1805; x_wconf 79' lang='grc' dir='ltr'><em>σῶ-</em></span> 
     </span>
     <span class='ocr_line' id='line_1_21' title="bbox 269 1830 1943 1907; baseline -0.002 -16"><span class='ocrx_word' id='word_1_186' title='bbox 269 1858 395 1907; x_wconf 88' lang='grc' dir='ltr'><em>ματι</em></span> <span class='ocrx_word' id='word_1_187' title='bbox 419 1835 665 1906; x_wconf 83' lang='grc' dir='ltr'><em>ἀδελφόν</em></span> <span class='ocrx_word' id='word_1_188' title='bbox 683 1839 820 1906; x_wconf 84' lang='grc' dir='ltr'><em>ἐστι,</em></span> <span class='ocrx_word' id='word_1_189' title='bbox 859 1838 950 1891; x_wconf 81' lang='grc' dir='ltr'><em>καὶ</em></span> <span class='ocrx_word' id='word_1_190' title='bbox 982 1840 1031 1890; x_wconf 82' lang='grc' dir='ltr'><em>εἰ</em></span> <span class='ocrx_word' id='word_1_191' title='bbox 1058 1838 1145 1889; x_wconf 82' lang='grc' dir='ltr'><em>δεῖ</em></span> <span class='ocrx_word' id='word_1_192' title='bbox 1159 1832 1379 1889; x_wconf 73' lang='grc' dir='ltr'><em>διώκειν</em></span> <span class='ocrx_word' id='word_1_193' title='bbox 1397 1830 1457 1887; x_wconf 81' lang='grc' dir='ltr'><em>τὸ</em></span> <span class='ocrx_word' id='word_1_194' title='bbox 1483 1830 1568 1888; x_wconf 81' lang='grc' dir='ltr'><em>ἐπ’</em></span> <span class='ocrx_word' id='word_1_195' title='bbox 1602 1836 1733 1888; x_wconf 75' lang='grc' dir='ltr'><em>εἴδει</em></span> <span class='ocrx_word' id='word_1_196' title='bbox 1753 1831 1943 1900; x_wconf 86' lang='grc' dir='ltr'><em>καλόν,</em></span> 
     </span>
     <span class='ocr_line' id='line_1_22' title="bbox 271 1913 1943 1989; baseline -0.004 -15"><span class='ocrx_word' id='word_1_197' title='bbox 271 1915 444 1989; x_wconf 89' lang='grc' dir='ltr'><em>πολλὴ</em></span> <span class='ocrx_word' id='word_1_198' title='bbox 467 1916 627 1973; x_wconf 76' lang='grc' dir='ltr'><em>ἄνοια</em></span> <span class='ocrx_word' id='word_1_199' title='bbox 647 1917 720 1988; x_wconf 86' lang='grc' dir='ltr'><em>μὴ</em></span> <span class='ocrx_word' id='word_1_200' title='bbox 743 1914 843 1987; x_wconf 81' lang='grc' dir='ltr'><em>οὐχ</em></span> <span class='ocrx_word' id='word_1_201' title='bbox 863 1918 924 1972; x_wconf 82' lang='grc' dir='ltr'><em>ἒν</em></span> <span class='ocrx_word' id='word_1_202' title='bbox 944 1938 999 1972; x_wconf 93' lang='grc' dir='ltr'><em>τε</em></span> <span class='ocrx_word' id='word_1_203' title='bbox 1019 1918 1109 1971; x_wconf 83' lang='grc' dir='ltr'><em>καὶ</em></span> <span class='ocrx_word' id='word_1_204' title='bbox 1127 1913 1333 1970; x_wconf 84' lang='grc' dir='ltr'><em>ταύτὸν</em></span> <span class='ocrx_word' id='word_1_205' title='bbox 1351 1913 1608 1985; x_wconf 80' lang='grc' dir='ltr'><em>ἡγεῖσθαι</em></span> <span class='ocrx_word' id='word_1_206' title='bbox 1625 1915 1684 1969; x_wconf 83' lang='grc' dir='ltr'><em>τὸ</em></span> <span class='ocrx_word' id='word_1_207' title='bbox 1706 1916 1791 1969; x_wconf 83' lang='grc' dir='ltr'><em>ἐπὶ</em></span> <span class='ocrx_word' id='word_1_208' title='bbox 1811 1919 1943 1968; x_wconf 79' lang='grc' dir='ltr'><em>πᾶσι</em></span> 
     </span>
     <span class='ocr_line' id='line_1_23' title="bbox 268 1996 1944 2070; baseline -0.004 -14"><span class='ocrx_word' id='word_1_209' title='bbox 268 2012 380 2065; x_wconf 85' lang='grc' dir='ltr'><em>τοῖς</em></span> <span class='ocrx_word' id='word_1_210' title='bbox 416 1999 631 2070; x_wconf 76' lang='grc' dir='ltr'><em>στόμασι</em></span> <span class='ocrx_word' id='word_1_211' title='bbox 667 1998 889 2062; x_wconf 85' lang='grc' dir='ltr'><em>κάλλος·</em></span> <span class='ocrx_word' id='word_1_212' title='bbox 938 2003 1102 2052; x_wconf 84' lang='grc' dir='ltr'><em>τοῦτο</em></span> <span class='ocrx_word' id='word_1_213' title='bbox 1138 1996 1190 2052; x_wconf 91' lang='grc' dir='ltr'><em>δ’</em></span> <span class='ocrx_word' id='word_1_214' title='bbox 1229 1996 1567 2068; x_wconf 80' lang='grc' dir='ltr'><em>ἐννοήσαντα</em></span> <span class='ocrx_word' id='word_1_215' title='bbox 1609 2001 1944 2065; x_wconf 82' lang='grc' dir='ltr'><em>καταστῆναι</em></span> 
     </span>
     <span class='ocr_line' id='line_1_24' title="bbox 269 2077 1943 2152; baseline -0.003 -15"><span class='ocrx_word' id='word_1_216' title='bbox 269 2083 498 2137; x_wconf 87' lang='grc' dir='ltr'><em>πάντων</em></span> <span class='ocrx_word' id='word_1_217' title='bbox 517 2088 630 2136; x_wconf 90' lang='grc' dir='ltr'><em>τῶν</em></span> <span class='ocrx_word' id='word_1_218' title='bbox 648 2087 835 2137; x_wconf 85' lang='grc' dir='ltr'><em>καλῶν</em></span> <span class='ocrx_word' id='word_1_219' title='bbox 856 2081 1125 2151; x_wconf 84' lang='grc' dir='ltr'><em>σωμάτων</em></span> <span class='ocrx_word' id='word_1_220' title='bbox 1145 2079 1398 2152; x_wconf 84' lang='grc' dir='ltr'><em>ἐραστήν,</em></span> <span class='ocrx_word' id='word_1_221' title='bbox 1422 2077 1546 2143; x_wconf 82' lang='grc' dir='ltr'><em>ἑνὸς</em></span> <span class='ocrx_word' id='word_1_222' title='bbox 1565 2077 1623 2133; x_wconf 77' lang='grc' dir='ltr'><em>δὲ</em></span> <span class='ocrx_word' id='word_1_223' title='bbox 1642 2078 1702 2133; x_wconf 84' lang='grc' dir='ltr'><em>τὸ</em></span> <span class='ocrx_word' id='word_1_224' title='bbox 1726 2078 1943 2148; x_wconf 87' lang='grc' dir='ltr'><em>σφόδρα</em></span> 
     </span>
     <span class='ocr_line' id='line_1_25' title="bbox 266 2158 1942 2234; baseline -0.004 -14"><span class='ocrx_word' id='word_1_225' title='bbox 266 2170 429 2220; x_wconf 87' lang='grc' dir='ltr'><em>τοῦτο</em></span> <span class='ocrx_word' id='word_1_226' title='bbox 448 2163 681 2234; x_wconf 81' lang='grc' dir='ltr'><em>χαλάσαι</em></span> <span class='ocrx_word' id='word_1_227' title='bbox 699 2163 1196 2234; x_wconf 84' lang='grc' dir='ltr'><em>καταφρονήσαντα</em></span> <span class='ocrx_word' id='word_1_228' title='bbox 1210 2164 1296 2218; x_wconf 85' lang='grc' dir='ltr'><em>καὶ</em></span> <span class='ocrx_word' id='word_1_229' title='bbox 1315 2158 1550 2232; x_wconf 81' lang='grc' dir='ltr'><em>σμικρὸν</em></span> <span class='ocrx_word' id='word_1_230' title='bbox 1564 2158 1917 2231; x_wconf 78' lang='grc' dir='ltr'><em>ἡγησάμενον</em></span> <span class='ocrx_word' id='word_1_231' title='bbox 1931 2180 1942 2190; x_wconf 89' lang='grc'><em>·</em></span> 
     </span>
     <span class='ocr_line' id='line_1_26' title="bbox 268 2238 1945 2318; baseline -0.004 -16"><span class='ocrx_word' id='word_1_232' title='bbox 268 2245 401 2318; x_wconf 74' lang='grc' dir='ltr'><em>μετὰ</em></span> <span class='ocrx_word' id='word_1_233' title='bbox 431 2248 490 2301; x_wconf 82' lang='grc' dir='ltr'><em>δὲ</em></span> <span class='ocrx_word' id='word_1_234' title='bbox 522 2253 694 2302; x_wconf 81' lang='grc' dir='ltr'><em>ταῦτα</em></span> <span class='ocrx_word' id='word_1_235' title='bbox 717 2243 778 2303; x_wconf 79' lang='grc' dir='ltr'><em>τὸ</em></span> <span class='ocrx_word' id='word_1_236' title='bbox 800 2249 861 2301; x_wconf 83' lang='grc' dir='ltr'><em>ἐν</em></span> <span class='ocrx_word' id='word_1_237' title='bbox 884 2256 1000 2310; x_wconf 85' lang='grc' dir='ltr'><em>ταῖς</em></span> <span class='ocrx_word' id='word_1_238' title='bbox 1029 2256 1227 2316; x_wconf 82' lang='grc' dir='ltr'><em>ψυχαῖς</em></span> <span class='ocrx_word' id='word_1_239' title='bbox 1246 2244 1446 2308; x_wconf 89' lang='grc' dir='ltr'><em>κάλλος</em></span> <span class='ocrx_word' id='word_1_240' title='bbox 1462 2242 1786 2314; x_wconf 76' lang='grc' dir='ltr'><em>τιμιώτερον</em></span> <span class='ocrx_word' id='word_1_241' title='bbox 1805 2238 1945 2312; x_wconf 82' lang='grc' dir='ltr'><em>ἡγή-</em></span> 
     </span>
     <span class='ocr_line' id='line_1_27' title="bbox 270 2320 1943 2398; baseline -0.004 -15"><span class='ocrx_word' id='word_1_242' title='bbox 270 2336 476 2384; x_wconf 88' lang='grc' dir='ltr'><em>σασθαι</em></span> <span class='ocrx_word' id='word_1_243' title='bbox 504 2335 606 2384; x_wconf 85' lang='grc' dir='ltr'><em>τοῦ</em></span> <span class='ocrx_word' id='word_1_244' title='bbox 634 2331 695 2383; x_wconf 83' lang='grc' dir='ltr'><em>ἐν</em></span> <span class='ocrx_word' id='word_1_245' title='bbox 723 2334 801 2397; x_wconf 74' lang='grc' dir='ltr'><em>τῷ</em></span> <span class='ocrx_word' id='word_1_246' title='bbox 820 2327 1030 2398; x_wconf 74' lang='grc' dir='ltr'><em>στόματι</em></span> <span class='ocrx_word' id='word_1_247' title='bbox 1045 2369 1060 2398; x_wconf 87' lang='grc'><em>,</em></span> <span class='ocrx_word' id='word_1_248' title='bbox 1099 2326 1239 2382; x_wconf 71' lang='grc' dir='ltr'><em>ὥστε</em></span> <span class='ocrx_word' id='word_1_249' title='bbox 1258 2327 1348 2382; x_wconf 86' lang='grc' dir='ltr'><em>καὶ</em></span> <span class='ocrx_word' id='word_1_250' title='bbox 1367 2323 1464 2381; x_wconf 79' lang='grc' dir='ltr'><em>ἐὰν</em></span> <span class='ocrx_word' id='word_1_251' title='bbox 1486 2323 1723 2395; x_wconf 81' lang='grc' dir='ltr'><em>ἐπιεικὴς</em></span> <span class='ocrx_word' id='word_1_252' title='bbox 1744 2320 1824 2378; x_wconf 77' lang='grc' dir='ltr'><em>ῶν</em></span> <span class='ocrx_word' id='word_1_253' title='bbox 1843 2322 1943 2393; x_wconf 82' lang='grc' dir='ltr'><em>τὴν</em></span> 
     </span>
     <span class='ocr_line' id='line_1_28' title="bbox 210 2403 1945 2482; baseline -0.004 -17"><span class='ocrx_word' id='word_1_254' title='bbox 210 2430 240 2471; x_wconf 88' lang='lat' dir='ltr'>C</span> <span class='ocrx_word' id='word_1_255' title='bbox 268 2410 451 2480; x_wconf 81' lang='grc' dir='ltr'><em>ψυχήν</em></span> <span class='ocrx_word' id='word_1_256' title='bbox 485 2431 565 2474; x_wconf 91' lang='grc' dir='ltr'><em>τις</em></span> <span class='ocrx_word' id='word_1_257' title='bbox 602 2405 710 2465; x_wconf 71' lang='grc' dir='ltr'><em>κᾶν</em></span> <span class='ocrx_word' id='word_1_258' title='bbox 746 2410 983 2481; x_wconf 81' lang='grc' dir='ltr'><em>σμικρὸν</em></span> <span class='ocrx_word' id='word_1_259' title='bbox 1018 2408 1196 2474; x_wconf 75' lang='grc' dir='ltr'><em>ἄνθος</em></span> <span class='ocrx_word' id='word_1_260' title='bbox 1230 2413 1349 2482; x_wconf 80' lang='grc' dir='ltr'><em>ἔχῃ,</em></span> <span class='ocrx_word' id='word_1_261' title='bbox 1388 2410 1634 2477; x_wconf 81' lang='grc' dir='ltr'><em>ἐξαρκεῖν</em></span> <span class='ocrx_word' id='word_1_262' title='bbox 1670 2403 1821 2478; x_wconf 78' lang='grc' dir='ltr'><em>αὐτῷ</em></span> <span class='ocrx_word' id='word_1_263' title='bbox 1855 2405 1945 2459; x_wconf 86' lang='grc' dir='ltr'><em>καὶ</em></span> 
     </span>
     <span class='ocr_line' id='line_1_29' title="bbox 267 2489 1945 2564; baseline -0.004 -16"><span class='ocrx_word' id='word_1_264' title='bbox 267 2494 403 2564; x_wconf 80' lang='grc' dir='ltr'><em>ἐρᾷν</em></span> <span class='ocrx_word' id='word_1_265' title='bbox 431 2493 524 2546; x_wconf 82' lang='grc' dir='ltr'><em>καὶ</em></span> <span class='ocrx_word' id='word_1_266' title='bbox 551 2492 822 2562; x_wconf 85' lang='grc' dir='ltr'><em>κήδεσθαι</em></span> <span class='ocrx_word' id='word_1_267' title='bbox 856 2494 948 2548; x_wconf 83' lang='grc' dir='ltr'><em>καὶ</em></span> <span class='ocrx_word' id='word_1_268' title='bbox 984 2498 1186 2548; x_wconf 85' lang='grc' dir='ltr'><em>τίκτειν</em></span> <span class='ocrx_word' id='word_1_269' title='bbox 1214 2492 1415 2561; x_wconf 90' lang='grc' dir='ltr'><em>λόγους</em></span> <span class='ocrx_word' id='word_1_270' title='bbox 1442 2489 1727 2553; x_wconf 84' lang='grc' dir='ltr'><em>τοιούτους</em></span> <span class='ocrx_word' id='word_1_271' title='bbox 1745 2490 1832 2543; x_wconf 84' lang='grc' dir='ltr'><em>καὶ</em></span> <span class='ocrx_word' id='word_1_272' title='bbox 1853 2491 1945 2556; x_wconf 81' lang='grc' dir='ltr'><em>ζη-</em></span> 
     </span>
     <span class='ocr_line' id='line_1_30' title="bbox 269 2567 1945 2647; baseline -0.004 -18"><span class='ocrx_word' id='word_1_273' title='bbox 269 2584 410 2644; x_wconf 82' lang='grc' dir='ltr'><em>τεῖν,</em></span> <span class='ocrx_word' id='word_1_274' title='bbox 450 2576 645 2638; x_wconf 80' lang='grc' dir='ltr'><em>οἵτινες</em></span> <span class='ocrx_word' id='word_1_275' title='bbox 674 2574 966 2646; x_wconf 86' lang='grc' dir='ltr'><em>ποιήσουσι</em></span> <span class='ocrx_word' id='word_1_276' title='bbox 993 2579 1242 2647; x_wconf 88' lang='grc' dir='ltr'><em>βελτίους</em></span> <span class='ocrx_word' id='word_1_277' title='bbox 1271 2572 1405 2638; x_wconf 83' lang='grc' dir='ltr'><em>τούς</em></span> <span class='ocrx_word' id='word_1_278' title='bbox 1431 2574 1615 2643; x_wconf 89' lang='grc' dir='ltr'><em>νέους,</em></span> <span class='ocrx_word' id='word_1_279' title='bbox 1652 2574 1743 2627; x_wconf 77' lang='grc' dir='ltr'><em>’ἵνα</em></span> <span class='ocrx_word' id='word_1_280' title='bbox 1771 2567 1945 2638; x_wconf 76' lang='grc' dir='ltr'><em>ἄναγ-</em></span> 
     </span>
     <span class='ocr_line' id='line_1_31' title="bbox 271 2649 1947 2728; baseline -0.005 -16"><span class='ocrx_word' id='word_1_281' title='bbox 271 2662 459 2728; x_wconf 82' lang='grc' dir='ltr'><em>κασθῇ</em></span> <span class='ocrx_word' id='word_1_282' title='bbox 483 2649 556 2710; x_wconf 80' lang='grc' dir='ltr'><em>αὖ</em></span> <span class='ocrx_word' id='word_1_283' title='bbox 590 2656 909 2712; x_wconf 87' lang='grc' dir='ltr'><em>θεάσασθαι</em></span> <span class='ocrx_word' id='word_1_284' title='bbox 944 2656 1003 2714; x_wconf 82' lang='grc' dir='ltr'><em>τὸ</em></span> <span class='ocrx_word' id='word_1_285' title='bbox 1042 2660 1103 2713; x_wconf 83' lang='grc' dir='ltr'><em>ἐν</em></span> <span class='ocrx_word' id='word_1_286' title='bbox 1139 2667 1251 2720; x_wconf 86' lang='grc' dir='ltr'><em>τοῖς</em></span> <span class='ocrx_word' id='word_1_287' title='bbox 1286 2653 1674 2725; x_wconf 82' lang='grc' dir='ltr'><em>ἐπιτηδεύμασι</em></span> <span class='ocrx_word' id='word_1_288' title='bbox 1708 2651 1799 2706; x_wconf 85' lang='grc' dir='ltr'><em>καὶ</em></span> <span class='ocrx_word' id='word_1_289' title='bbox 1833 2662 1947 2715; x_wconf 80' lang='grc' dir='ltr'><em>τοῖς</em></span> 
     </span>
     <span class='ocr_line' id='line_1_32' title="bbox 272 2732 1999 2808; baseline -0.005 -15"><span class='ocrx_word' id='word_1_290' title='bbox 272 2740 465 2808; x_wconf 90' lang='grc' dir='ltr'><em>νόμοις</em></span> <span class='ocrx_word' id='word_1_291' title='bbox 493 2736 665 2794; x_wconf 82' lang='grc' dir='ltr'><em>καλὸν</em></span> <span class='ocrx_word' id='word_1_292' title='bbox 683 2739 773 2794; x_wconf 82' lang='grc' dir='ltr'><em>καὶ</em></span> <span class='ocrx_word' id='word_1_293' title='bbox 791 2737 940 2794; x_wconf 80' lang='grc' dir='ltr'><em>τοῦτ’</em></span> <span class='ocrx_word' id='word_1_294' title='bbox 966 2743 1102 2795; x_wconf 84' lang='grc' dir='ltr'><em>ἰδεῖν</em></span> <span class='ocrx_word' id='word_1_295' title='bbox 1123 2736 1206 2794; x_wconf 79' lang='grc' dir='ltr'><em>ὅτι</em></span> <span class='ocrx_word' id='word_1_296' title='bbox 1226 2743 1337 2793; x_wconf 84' lang='grc' dir='ltr'><em>πᾶν</em></span> <span class='ocrx_word' id='word_1_297' title='bbox 1357 2734 1491 2792; x_wconf 82' lang='grc' dir='ltr'><em>αὐτὸ</em></span> <span class='ocrx_word' id='word_1_298' title='bbox 1512 2732 1662 2807; x_wconf 74' lang='grc' dir='ltr'><em>αὐτῷ</em></span> <span class='ocrx_word' id='word_1_299' title='bbox 1691 2735 1945 2803; x_wconf 83' lang='grc' dir='ltr'><em>ξυγγενές</em></span> <span class='ocrx_word' id='word_1_300' title='bbox 1994 2779 1999 2782; x_wconf 96' lang='grc'>.</span> 
     </span>
     <span class='ocr_line' id='line_1_33' title="bbox 270 2811 1943 2890; baseline -0.005 -15"><span class='ocrx_word' id='word_1_301' title='bbox 270 2823 447 2889; x_wconf 82' lang='grc' dir='ltr'><em>ἐστιν,</em></span> <span class='ocrx_word' id='word_1_302' title='bbox 484 2823 575 2875; x_wconf 85' lang='grc' dir='ltr'><em>ἵνα</em></span> <span class='ocrx_word' id='word_1_303' title='bbox 612 2817 672 2875; x_wconf 83' lang='grc' dir='ltr'><em>τὸ</em></span> <span class='ocrx_word' id='word_1_304' title='bbox 711 2821 835 2890; x_wconf 87' lang='grc' dir='ltr'><em>περὶ</em></span> <span class='ocrx_word' id='word_1_305' title='bbox 864 2817 924 2874; x_wconf 85' lang='grc' dir='ltr'><em>τὸ</em></span> <span class='ocrx_word' id='word_1_306' title='bbox 959 2826 1115 2890; x_wconf 87' lang='grc' dir='ltr'><em>σῶμα</em></span> <span class='ocrx_word' id='word_1_307' title='bbox 1145 2819 1319 2876; x_wconf 83' lang='grc' dir='ltr'><em>καλὸν</em></span> <span class='ocrx_word' id='word_1_308' title='bbox 1347 2815 1581 2888; x_wconf 85' lang='grc' dir='ltr'><em>σμικρόν</em></span> <span class='ocrx_word' id='word_1_309' title='bbox 1608 2836 1659 2869; x_wconf 90' lang='grc' dir='ltr'><em>τι</em></span> <span class='ocrx_word' id='word_1_310' title='bbox 1677 2811 1943 2884; x_wconf 81' lang='grc' dir='ltr'><em>ἡγήσηται</em></span> 
     </span>
    </p>
   </div>
  </div>
 </body>
</html>
