2028 3198
297 149 399 203 378
971 149 1129 197 &EA
1144 150 1248 197 ΓΗ
1259 151 1317 196 Σ.
1895 156 1975 198 108

300 291 444 355 ζητεῖ
451 326 465 354 ,
499 289 554 339 οἳ
569 286 854 339 παιδεύειν
874 284 1300 351 ἐπαγγέλλονται
1330 276 1440 336 οἷοί
1453 303 1511 336 τε
1532 280 1671 338 εἶναι
1690 287 1851 348 νέους
1869 282 1974 339 ἀνω

300 364 594 436 θρωπους,
632 369 778 421 ἔστιν
802 367 1047 419 ἐνταῦθα
1075 364 1164 417 καὶ
1182 363 1460 431 Πρόδικος
1486 361 1514 419 ὁ
1535 370 1697 430 Κεῖος
1718 367 1808 421 καὶ
1827 372 1971 434 Γορ-

186 449 268 494 128
299 454 419 519 γίας
450 445 480 502 ὁ
510 453 806 511 Λεοντῖνος
835 447 924 501 καὶ
950 449 1148 509 Πῶλος
1179 441 1207 499 ὃ
1246 443 1662 515 Ἀκραγαντῖνος
1693 450 1783 503 καὶ
1815 445 1971 502 ἄλλοι

299 536 520 598 πολλοί,
558 537 615 586 οἳ
642 529 786 585 ου’τω
816 534 987 599 σοφοί
1011 532 1175 598 εἰσιν,
1217 525 1356 582 ω’στε
1378 532 1452 593 εἰς
1473 551 1569 595 τας
1589 530 1814 595 πόλεις’
1794 530 1882 587 ιόν
1885 553 1971 596 τες

298 622 572 672 πείθουσι
588 622 700 669 τῶν
731 617 872 670 νέων
894 612 1023 678 τοὺς
1043 612 1468 713 γενναιοτάτους
1487 634 1543 667 τε
1571 615 1662 668 καὶ
1689 622 1970 670 πλουσιω-

296 700 520 765 τάτους,
561 692 641 761 οἷς
672 702 842 762 ἑξεστι
871 702 984 751 τῶν
1015 700 1255 750 πολιτῶν
1288 697 1329 768 ςὸ
1353 690 1424 748 άν
1442 693 1751 766 βούλωνται
1771 708 1969 765 προῖκα

296 791 571 848 συνεῖναι,
615 778 850 842 τούτους
879 783 1177 831 πείθουσιν
1205 773 1605 841 ἀπολείποντας
1625 799 1722 842 τας
1741 779 1968 833 ἐκείνων

297 868 595 925 συνουσίας
618 858 803 924 αὐτοῖς
823 870 1099 927 συνεῖναι,
1140 861 1678 925 προσκατατιθέντας
1698 856 1968 929 ἀργύριον

295 945 444 998 πάνυ
479 941 622 998 πολὺ
643 943 868 1013 μισθόν,
891 943 980 996 καὶ
1000 941 1161 1010 χάριν
1189 941 1326 1011 πρὸς
1347 941 1560 1006 τούτοις
1580 944 1794 997 εἰδέναι.
1836 940 1969 996 τού-

297 1046 407 1078 των
423 1022 577 1087 τινας
596 1021 740 1088 εἰκὸς
759 1016 830 1093 ἦν
848 1031 1237 1090 προαιρεῖσθαι
1257 1024 1345 1077 καὶ
1367 1022 1464 1077 τὸν
1484 1023 1611 1078 υἱόν
1633 1041 1736 1079 σου
1756 1025 1843 1078 καὶ
1864 1020 1965 1076 αὖ*

233 1117 264 1157 Β
295 1106 392 1162 τὸν
413 1106 498 1174 σε’,
537 1107 627 1174 ἐμὲ
657 1103 708 1158 δ’
733 1103 835 1158 οὐκ
859 1104 1029 1168 εἰκός·
1084 1102 1250 1159 οὐδὲν
1280 1102 1386 1173 γάρ
1428 1104 1644 1160 τούτων
1673 1108 1961 1175 ἐπίσταμαι

294 1194 404 1243 τῶν
423 1191 708 1257 μακαρίων
727 1207 783 1240 τε
804 1187 893 1240 καὶ
914 1191 1099 1239 καλῶν
1118 1185 1490 1255 μαθημάτων,
1524 1187 1637 1240 ἐπεὶ
1657 1186 1969 1257 ἐβουλόμην

292 1269 385 1324 ἅν·
427 1266 567 1323 ἀλλὰ
589 1269 678 1322 καὶ
699 1269 839 1337 λέγω
862 1267 1041 1337 δήπου
1061 1267 1162 1335 ἀεί,
1194 1264 1278 1321 ὅτι
1300 1264 1403 1335 ἐγώ
1425 1267 1706 1336 τυγχάνω,
1748 1265 1821 1331 ὡς
1840 1272 1968 1331 ἔπος

295 1356 492 1420 εἰπεῖν,
533 1348 697 1405 οὐδὲν
719 1349 1076 1418 ἐπιστάμενος
1098 1348 1242 1418 πλήν
1263 1369 1324 1418 γε
1353 1354 1592 1417 σμικροῦ
1611 1346 1759 1412 τινὸς
1779 1347 1966 1418 μαθή-

294 1455 478 1503 ματος,
499 1439 612 1488 τῶν
633 1434 925 1500 ἐρωτικῶν.
953 1437 1115 1486 τοῦτο
1137 1435 1321 1501 μέντοι
1340 1431 1400 1485 τό
1422 1429 1653 1500 μάθημα
1673 1427 1793 1499 παρ’
1819 1427 1970 1485 ὁντι-

295 1521 436 1569 νοῦν
473 1521 737 1584 ποιοῦμαι
775 1511 955 1577 δεινός
993 1512 1132 1568 εἶναι
1163 1514 1252 1568 καὶ
1284 1518 1395 1567 τῶν
1424 1510 1846 1581 προγεγονότων
1865 1509 1966 1566 ἄνα

292 1598 544 1664 θρώπων
565 1598 655 1651 καὶ
673 1617 786 1651 των
806 1602 927 1649 νῦν.

430 1685 541 1733 ΘΕ.
588 1676 779 1750 Ὁρας,
821 1699 862 1731 ω
900 1675 1069 1781 πάτερ
1085 1717 1098 1743 ,
1138 1673 1221 1730 ὅτι
1250 1674 1551 1744 Σωκράτης
1586 1672 1654 1728 οὐ
1685 1673 1835 1728 πάνυ
1875 1694 1966 1742 μοι

294 1765 450 1816 δοκεῖ
462 1783 512 1815 τι
543 1765 657 1830 [ε’τι]
691 1763 907 1815 ἐθέλειν
938 1760 1053 1829 ἐμοὶ
1076 1763 1511 1829 συνδιατρίβεινς
1553 1759 1667 1813 ἐπεὶ
1687 1756 1747 1813 τό
1768 1755 1810 1826 γ’
1835 1759 1968 1827 ε’μόν

231 1851 262 1893 C
295 1844 540 1911 ἕτοιμον,
563 1841 662 1897 ἐὰν
683 1835 845 1905 οὗτος
864 1843 1029 1912 ἐθέλῃ
1044 1862 1055 1873 ·
1095 1838 1230 1894 ἀλλὰ
1252 1847 1423 1894 ταῦτα
1445 1844 1650 1906 παίζων
1670 1838 1807 1909 πρὸς
1827 1836 1968 1909 ἡμᾶς

294 1930 450 1993 λέγει.
489 1926 601 1978 ἐπεὶ
622 1923 728 1994 ἐγώ
753 1922 874 1978 οἶδα
897 1931 1010 1978 τῶν
1032 1925 1178 1992 ἐμῶν
1207 1922 1516 1993 ἡλικιωτῶν
1537 1925 1626 1978 καὶ
1646 1919 1812 1994 ὀλίγῳ
1833 1941 1967 1991 πρε-

293 2009 591 2076 σβυτέρωψ
608 2010 664 2060 οἳ
680 2008 811 2074 πρὶν
827 2006 926 2075 μὲν
941 2005 1117 2076 τούτῳ
1138 2015 1386 2058 συνεῖναι
1400 2002 1629 2067 οὐδενὸς
1647 2002 1787 2067 ἄξιοι
1805 1996 1966 2073 ἦσαν,

293 2086 479 2158 ἐπειδὴ
500 2086 558 2142 δε
578 2090 940 2157 συνεγένοντο
963 2086 1156 2158 τούτῳ,
1183 2087 1244 2140 ἐν
1264 2085 1414 2140 πάνυ
1433 2082 1598 2157 ὀλίγω
1618 2082 1798 2157 χρόνῳ
1821 2083 1967 2137 πάν-

292 2192 403 2224 των
422 2175 671 2241 βελτιους
692 2174 986 2239 φαίνονται
1010 2190 1088 2222 ων
1109 2167 1381 2236 πρότερον
1400 2170 1626 2248 χείρους.

437 2256 557 2306 ΣΩ.
619 2249 802 2307 Οἶσθα
840 2253 946 2305 οῦν
982 2245 1103 2304 οἷον
1141 2248 1310 2303 τοῦτο’
1350 2249 1524 2316 ἐστιν,
1568 2250 1607 2300 ιό
1649 2257 1751 2300 παῖ
1774 2253 1982 2314 Δημονν

292 2333 493 2400 ὁόκου;

427 2421 538 2470 ΘΕ
589 2416 702 2470 Ναὶ
722 2414 797 2485 μὰ
817 2412 909 2469 Δί’
935 2418 1133 2483 ἔγωγε,
1173 2411 1257 2468 ὅτι
1287 2412 1386 2467 ἐὰν
1415 2410 1486 2465 σὺ
1505 2410 1708 2482 βούλῃ,
1747 2410 1836 2463 καὶ
1859 2406 1964 2478 εγώ

292 2490 405 2559 οἷός
424 2493 474 2549 τ’
497 2501 687 2566 ἔσομαι
708 2503 953 2559 τοιοῦτος
970 2497 1247 2564 γενέσθαι,
1270 2490 1478 2560 οἷοίπερ
1497 2493 1585 2546 και
1605 2493 1816 2546 ἐκεῖνοι.

226 2592 261 2631 D
429 2583 513 2633 XI.
581 2584 705 2633 ΣΩ.
763 2577 900 2647 Οὔκ,
923 2599 964 2630 ω
985 2575 1159 2646 ’γαθεζ
1178 2574 1316 2630 ἄλλά
1337 2591 1396 2629 σε
1417 2577 1668 2643 λέληθεν,
1683 2567 1803 2626 οἷον
1822 2565 1963 2624 τοῦτ’

295 2664 471 2729 ἔστιν,
510 2658 616 2730 ἐγω
640 2663 702 2716 δέ
717 2676 805 2715 σοι
826 2657 1038 2728 φράσω.
1092 2663 1205 2712 εστι
1234 2657 1340 2727 γάρ
1361 2678 1410 2710 τι
1440 2661 1570 2710 θειά
1599 2659 1763 2724 μοίρᾳ
1795 2671 1967 2718 παρε-

293 2742 540 2811 πόμενον
571 2744 689 2813 ἐμοὶ
725 2745 784 2798 ἐκ
815 2739 1012 2805 παιδὸς
1047 2739 1359 2810 αρξάμενον
1397 2737 1711 2807 δαιμόνιον·
1764 2739 1876 2788 ἔστι
1907 2734 1965 2787 ὁὲ

291 2830 454 2879 τοῦτο
477 2824 667 2894 φωνή,
691 2821 725 2893 ἢ
745 2823 881 2878 ὅταν
904 2824 1150 2893 γένηται,
1172 2821 1260 2876 αεί
1277 2842 1368 2891 μοι
1390 2822 1664 2889 σημαίνει,
1698 2811 1729 2869 ὂ
1748 2837 1819 2867 αν
1840 2818 1935 2867 μέλ
