2028 3198
0 0 673 115 Wa-t:w=2‚vrss¹'s·r
698 0 819 39 ’ρ’-’ν’-
839 0 906 38 1⁴⁰*-
924 0 1019 30 1522
1038 0 1162 37 -’ῖ’-’ν“
1181 0 1230 30 τ’·
1269 2 1275 7 ·
1336 0 1347 7 ·

174 39 198 54 S
286 52 290 54 ,
710 39 731 54 -’
878 56 881 57 ⁷
1031 43 1047 57 r*

82 135 143 181 ³³
624 129 1182 178 ΑΛΚΙΒῙΑΛΗΣ.
1653 127 1759 182 303
1786 135 1795 154 ·

85 264 222 328 λέως
256 259 448 318 οὐδέν·
505 264 629 318 ἐπεί
659 258 773 316 ποτ’
805 258 911 330 ἐγώ
948 260 1165 333 ἤκουσα
1199 259 1404 332 ἀνδρὸς
1439 259 1758 328 ἀξιοπίστου

84 353 197 401 τῶν
214 343 646 417 ἀναβεβηκότων
663 342 811 412 παρὰ
829 348 1055 415 βασιλέα
1070 386 1086 415 ,
1121 340 1182 409 ὃς
1201 349 1307 416 ἔφη
1326 353 1629 414 παρελθεῖν
1647 345 1756 417 χώ-

85 450 193 496 ραν
211 429 363 484 πάνυ
380 427 592 498 πολλὴν
611 428 702 483 καὶ
720 424 974 497 ἀγαθήν,
996 423 1161 496 ἐγγὺς
1178 423 1482 498 ἡμερησίαν
1501 425 1637 484 ὁδόν
1649 471 1665 498 ,
1685 427 1720 500 ἡ
1728 453 1754 482 ν

84 517 273 566 καλεῖν
306 508 438 573 τούς
465 512 790 579 ἐπιχωρίους
819 510 1000 578 ζώνην
1035 515 1131 579 τῆς
1164 511 1435 579 βασιλέως
1461 510 1751 581 γυναικός·

85 590 224 647 εἶναι
242 591 414 648 δὲκαὶ
442 589 617 662 ἄλλην
633 589 704 662 ἣν
733 584 809 646 αὖ
835 596 1127 646 καλεῖσθαι
1156 590 1505 661 καλύπτραν,
1542 592 1632 648 καὶ
1651 590 1754 647 ἄλ-

81 680 213 739 λους
231 673 472 739 πολλοὺς
492 673 699 737 τόπους
727 670 934 736 καλοὺς
951 674 1042 728 καὶ
1061 670 1315 742 ἀγαθοὺς
1333 677 1409 737 εἰς
1428 671 1524 728 τὸν
1544 673 1757 745 κόσμον
1789 691 1819 732 C

78 758 444 828 ἐξῃρημένους
471 754 569 811 τὸν
598 762 694 825 τῆς
721 754 1012 824 γυναικός,
1058 756 1149 810 καὶ
1178 752 1423 825 ὀνόματα
1449 758 1590 824 ἔχειν
1624 756 1753 812 ἑκά-

82 854 245 901 στους
262 843 377 892 τῶν
394 837 584 892 τόπων
611 834 719 891 ἀπὸ
744 835 980 891 ἑκάστου
1008 841 1122 889 τῶν
1151 834 1402 906 κόσμων-
1444 835 1584 892 ὥστε
1605 835 1753 907 οἶμαι

81 916 214 988 ἐγώ,
253 927 309 974 εἰ
332 941 412 984 τις
440 926 584 975 εἴποι
611 925 679 989 τῇ
695 918 960 988 βασιλέως
980 921 1167 987 μητρί,
1207 918 1414 984 Ξέρξου
1435 919 1492 974 δὲ
1510 926 1749 989 γυναικί,

73 998 414 1070 Ἀμήστριδι,
445 999 531 1055 ὅτι
563 1003 622 1056 ἐν
650 1006 732 1073 νῷ
763 1004 869 1069 ἔχει
898 1004 1005 1054 σοῦ
1033 1004 1113 1071 τῷ
1140 1001 1249 1054 υἱεῖ
1273 998 1691 1056 ἀντιτάττεσθαι
1721 999 1748 1056 ὁ

78 1082 424 1154 Δεινομάχης
442 1082 565 1148 υἱός
578 1125 591 1152 ,
623 1075 662 1154 ἦ
680 1088 792 1138 ἔστι
812 1083 1020 1152 κόσμος
1053 1089 1182 1147 ἴσως
1202 1081 1352 1148 ἄξιος
1371 1090 1530 1154 μνῶν
1548 1084 1752 1155 πεντή-

83 1184 281 1233 κοντα,
321 1170 372 1220 el
403 1164 553 1220 πάνυ
588 1171 826 1232 πολλοῦ,
865 1170 944 1238 τῷ
974 1163 1027 1219 δ’
1059 1167 1170 1220 υιεῐ
1195 1163 1363 1236 αὐτῆς
1397 1173 1498 1238 γῆς
1534 1170 1751 1235 πλέθρα

74 1244 345 1343 Ἐρχίασιν
382 1245 512 1302 ουδὲ
549 1246 862 1314 τριακόσια,
908 1247 1198 1317 θαυμάσαι
1235 1244 1306 1303 ἀν
1343 1247 1451 1322 ὅτω
1494 1248 1623 1305 ποτε
1659 1271 1750 1304 πι-

79 1326 292 1384 στεύων
310 1332 371 1384 ἐν
390 1350 468 1383 νω
489 1333 595 1398 ἔχει
614 1322 819 1393 ουτοςὸ
834 1326 1178 1401 Ἀλκιβιάδης
1197 1336 1269 1403 τῷ
1286 1328 1602 1403 Ἀρτοξέρξη
1624 1334 1744 1386 δια-
1799 1344 1835 1384 D

76 1415 431 1481 γωνίζεσθαι,
472 1413 562 1466 καὶ
592 1409 742 1482 οἶμαι
769 1434 841 1466 αν
868 1409 1046 1481 αὐτὴν
1076 1410 1310 1467 είπεῐν“
1276 1435 1359 1468 οτι
1379 1411 1481 1468 οὐκ
1502 1411 1616 1468 ἔσθ’
1640 1412 1748 1487 ὅτῳ

76 1490 223 1566 ἄλλῳ
242 1493 518 1549 πιστεύων
537 1487 702 1558 οὗτος
729 1491 758 1549 ὁ
778 1492 919 1565 ἀνὴρ
951 1496 1210 1564 ἐπιχειρεῖ
1230 1493 1377 1565 πλὴν
1395 1498 1672 1569 ἐπιμελείᾳ
1692 1518 1749 1551 τε

77 1577 167 1630 καὶ
186 1581 356 1647 σοφίᾳ
372 1597 382 1606 ·
422 1583 593 1631 ταῦτα
610 1575 717 1646 γάρ
738 1576 879 1647 μόνα
900 1575 1022 1643 ἄξια
1042 1577 1212 1648 λόγου
1239 1580 1299 1634 ἐν
1324 1577 1597 1649 ”Ελλησιν.
1635 1580 1748 1635 ἐπεὶ

76 1665 129 1712 εἰ
141 1677 203 1727 γε
223 1658 482 1727 πύθοιτο,
504 1656 586 1714 ὅτι
602 1655 631 1713 ὁ
657 1657 1000 1730 Ἀλκιβιάδης
1020 1653 1182 1726 οὗτος
1199 1667 1308 1717 νῦν
1327 1664 1584 1732 ἐπιχειρεῖ
1597 1668 1752 1730 πρῶ-

74 1759 174 1793 τον
206 1737 308 1809 μὲν
342 1742 436 1809 ἔτη
474 1736 694 1795 οὐδέπω
728 1740 972 1811 γεγονώς
1009 1743 1229 1812 σφόδρα
1275 1751 1510 1815 εἴκοσιν,
1568 1748 1752 1800 ἔπειτα

79 1821 431 1877 παντάπασιν
459 1820 815 1892 ἀπαίδευτος,
855 1823 992 1894 πρὸς
1019 1827 1078 1881 δὲ
1107 1826 1347 1894 τούτοις,
1385 1833 1487 1882 τοῦ
1515 1829 1753 1896 ἐραστοῦ

75 1901 225 1976 αὐτῷ
245 1908 499 1973 λέγοντος
521 1903 605 1960 ὅτι
633 1903 734 1975 χρὴ
756 1913 980 1976 πρῶτον
999 1907 1257 1978 μαθόντα
1276 1909 1366 1963 καὶ
1388 1910 1751 1979 ἐπιμεληθέν-

72 2006 139 2041 τα
157 1982 335 2042 αὖτοῦ
353 1989 441 2042 καὶ
462 1984 780 2059 ἀσκήσαντα
794 1988 972 2055 οὕτως
990 1993 1130 2046 ἰέναι
1150 1991 1623 2062 διαγωνιούμενον
1642 1997 1747 2062 βα-
1784 2005 1813 2044 Β

75 2074 240 2137 σιλεῖ,
262 2066 367 2124 οὐκ
387 2072 589 2139 ἐθέλει,
613 2069 753 2127 α’λλά
774 2089 947 2143 φησιν
965 2076 1210 2142 ἐξαρκεῖν
1229 2075 1318 2129 καὶ
1339 2070 1411 2138 ὡς
1431 2078 1536 2143 ἔχει
1550 2115 1564 2139 ,
1598 2071 1748 2143 οἶμαι

11 2215 13 2220 .
73 2146 147 2205 ἂν
174 2148 350 2222 αὐτὴν
383 2153 674 2250 θαυμάσαι
708 2175 765 2209 τε
800 2157 892 2209 καὶ
929 2158 1180 2225 ἐρέσθαι·
1230 2161 1288 2211 τί
1312 2150 1418 2210 οὖν
1451 2152 1566 2211 ποτ’
1598 2160 1748 2212 ἐστιν

12 2222 21 2282 .'‘
73 2231 183 2287 ὅτω
202 2232 445 2288 πιστεύει
464 2233 525 2289 τὸ
547 2235 860 2304 μειράκιον;
894 2242 945 2292 εἰ
971 2231 1077 2292 οὖν
1097 2241 1350 2308 λέγοιμεν
1376 2235 1461 2293 ὅτι
1480 2236 1666 2293 κάλλει
1688 2258 1746 2293 τε

12 2318 35 2429 ’ξ
74 2315 163 2369 καὶ
193 2318 417 2384 μεγέθει
444 2317 535 2372 καὶ
562 2320 711 2387 γένει
739 2319 827 2373 καὶ
860 2319 1081 2374 πλούτω
1112 2321 1202 2375 καὶ
1234 2318 1399 2389 φύσει
1428 2325 1524 2391 τῆς
1555 2319 1753 2390 ψυχῆς,

38 2394 317 2467 ἡγήσαιτ’
338 2420 411 2452 αν
433 2395 592 2470 ἡμᾶς,
614 2422 656 2455 ω
675 2397 1010 2472 Ἀλκιβιάδη,
1042 2407 1337 2472 μαίνεσθαι
1355 2400 1492 2471 πρὸς
1510 2400 1575 2457 τὰ
1598 2422 1745 2470 παρα

15 2511 42 2561 ,5
72 2483 265 2545 σφίσιν
284 2476 641 2550 ἀποβλέψασα
662 2482 840 2538 πάντα
859 2483 922 2538 τά
945 2489 1185 2539 τοιαῦτα.
1221 2483 1368 2555 οἶμαι
1386 2484 1444 2540 δὲ
1464 2479 1570 2540 κάν
1589 2491 1746 2555 Λαμ-

71 2559 214 2615 πιδώ
227 2603 242 2629 ,
263 2559 367 2630 τὴν
384 2569 734 2635 Λεωτυχίδου
753 2565 855 2636 μὲν
872 2568 1182 2637 θυγατέρα,
1210 2563 1539 2638 Ἀρχιδάμου
1561 2567 1619 2622 δὲ
1640 2587 1743 2636 γυ·
1779 2583 1856 2627 12⁴

36 2649 42 2664 ‘
71 2653 259 2711 ναῖκα,
288 2642 507 2712 ’Ἀγιδος
539 2648 595 2701 δὲ
626 2650 855 2718 μητέρα,
893 2653 950 2703 οἳ
967 2648 1167 2714 πάντες
1194 2655 1435 2719 βασιλεῖς
1463 2647 1742 2719 γεγόνασι,

68 2725 359 2795 θαυμάσαι
391 2722 461 2781 (ἲν
491 2732 580 2782 καὶ
610 2729 818 2800 ταύτην
852 2735 927 2795 εἰς
958 2729 1023 2787 τὰ
1046 2731 1193 2800 παρὰ
1214 2740 1404 2802 σφίσιν
1427 2728 1745 2801 ὑπάρχοντα

0 2813 3 2898 ι
70 2802 490 2878 ἀποβλέψασαν,
525 2816 575 2866 εἰ
591 2809 663 2865 σὺ
685 2814 743 2866 έν
764 2818 844 2883 νῷ
862 2817 995 2883 ἔχεις
1018 2820 1091 2888 τῷ
1115 2818 1226 2870 υίεῑ
1241 2812 1410 2885 αὐτῆς
1432 2816 1746 2884 διαγωνίζε-

0 3013 6 3198 ἰ
