2028 3198
0 114 94 160 231
618 102 1150 153 ΣΥΜΠΟΣΙΟΝ.
1617 101 1720 153 169

41 263 128 296 ται
148 239 327 295 πάντα
346 238 413 295 τὰ
433 244 568 305 ζῶα,
588 236 726 293 ἄλλα
745 235 849 307 τὴν
866 242 980 292 τῶν
999 242 1211 306 τεχνῶν
1229 239 1594 307 δημιουργίαν
1615 234 1720 291 οὐκ

42 331 228 393 ἔσμεν,
267 320 354 378 ὅτι
380 313 453 377 οὗ
481 321 582 391 μὲν
613 315 688 373 ἄν
717 314 746 372 ὁ
776 314 911 384 θεὸς
941 311 1104 383 οὗτος
1133 318 1464 384 διδάσκαλος
1479 319 1720 390 γένηται,

44 405 326 475 ἐλλόγιμος
345 403 436 459 καὶ
456 401 634 473 φανὸς
652 399 827 498 ἀπέβη
840 441 857 471 ,
893 394 966 456 οὗ
985 398 1035 457 δ’
1061 424 1132 457 αν
1136 401 1312 471 ’Ἑρως
1329 400 1402 473 μὴ
1425 400 1721 473 ἐφάψηται,

44 486 352 551 σκοτεινός;
397 484 621 555 τοξικήν
658 504 722 554 γε
759 480 871 554 μὴν
908 485 999 540 καὶ
1037 482 1290 555 ἰατρικὴν
1325 486 1414 539 καὶ
1451 481 1725 555 μαντικὴν

38 555 320 624 Απόλλων
349 565 587 635 ἀνεῦρεν
617 568 915 635 ἐπιθυμίας
942 567 1032 620 καὶ
1069 570 1271 634 ἔρωτος
1309 563 1725 636 ἡγεμονεύσαν-

46 672 161 719 τος,
184 667 323 705 ωστε
340 651 431 705 καὶ
450 641 613 714 οὗτος
627 647 868 719 ’Ἑρωτος
887 643 957 702 ἂν
977 654 1058 717 εἴη
1081 645 1362 717 μαθητής,
1384 649 1474 701 καὶ
1494 653 1727 703 Μοῦσαι
1752 656 1786 697 Β

47 738 314 803 μουσικῆς
342 733 434 787 καὶ
449 730 756 802 ’Ἡφαιστος
783 735 1035 801 χαλκείας
1062 729 1154 784 καὶ
1168 726 1376 798 Ἀθηνᾶ
1411 733 1726 799 ιστουργίας

47 815 132 870 καὶ
151 814 292 879 Ζευς
311 814 693 885 κυβερνήσεως
711 819 866 869 θεῶν
886 834 942 867 τε
972 814 1063 867 καὶ
1092 809 1428 878 ἀνθρώπων.
1487 810 1627 867 ὅθεν
1658 808 1724 883 δὴ

46 899 135 951 καὶ
167 896 585 966 κατεσκευάσθη
615 902 730 950 τῶν
748 901 903 950 θεῶν
922 891 988 948 τὰ
1009 892 1549 963 πράγματα”Ερωτος
1570 897 1723 965 ἐγγε-

44 986 313 1050 νομένου,
355 984 526 1051 δῆλον
555 978 639 1034 ὅτι
665 979 929 1043 κάλλους·
968 983 1141 1046 αἴσχει
1168 975 1276 1046 γὰρ
1298 974 1400 1032 οὐκ
1421 981 1504 1033 ἔνι
1521 975 1723 1047 Ἔρως·

46 1061 150 1130 πρὸ
170 1068 271 1116 τοῦ
291 1065 377 1132 δέ,
411 1060 596 1127 ὥσπερ
620 1065 682 1116 ἐν
703 1059 843 1132 ἀρχῇ
867 1057 1049 1126 εἷπον,
1089 1059 1263 1114 πολλὰ
1286 1060 1376 1115 καὶ
1398 1059 1551 1115 δεινὰ
1571 1067 1726 1125 θεοῖς

45 1147 286 1214 ἐγίγνετο
300 1186 316 1213 ,
356 1140 429 1208 ὡς
465 1148 703 1214 λέγεται,
743 1141 833 1198 διὰ
873 1139 974 1212 τὴν
1004 1147 1099 1211 τῆς
1121 1137 1385 1213 Ἀνάγκης
1414 1148 1722 1213 βασιλείαν·

45 1224 227 1296 ἐπειδὴ
250 1224 302 1280 δ’
325 1224 354 1281 ὁ
371 1224 506 1290 θεὸς
525 1218 690 1290 οὗτος
709 1229 844 1294 ἔφυ,
867 1227 926 1279 ἐκ
945 1228 1045 1278 τοῦ
1066 1225 1201 1295 ε’ρᾷν
1219 1230 1331 1278 τῶν
1350 1231 1539 1280 καλῶν
1558 1225 1724 1281 πάντ’

42 1306 229 1377 ἀγαθὰ
251 1309 443 1378 γε’γονε
462 1310 551 1362 καὶ
568 1316 723 1372 θεοῖς
741 1308 829 1362 καὶ
847 1305 1185 1375 ἀνθρώποις.
1223 1305 1398 1373 οὕτως
1419 1309 1535 1379 ἐμοὶ
1555 1312 1720 1378 δοκεῖ,
1755 1320 1787 1362 G

42 1384 86 1444 ὦ
110 1393 342 1460 Φαῖδρε,
372 1389 541 1459 Ἔρως
560 1395 776 1458 πρῶτος
798 1387 965 1454 αὐτὸς
985 1385 1065 1443 α’)’ν
1084 1389 1373 1455 κάλλιστος
1393 1393 1483 1447 καὶ
1502 1390 1724 1462 ἄριστος

42 1473 175 1528 μετὰ
194 1479 356 1527 τοῦτο
377 1484 487 1536 τοῖς
506 1471 693 1536 ἄλλοις
712 1470 899 1527 ἄλλων
914 1473 1183 1527 τοιούτων
1200 1481 1371 1539 αἴτιος
1388 1473 1540 1530 εἶναι.
1563 1477 1724 1545 ε’πέρ-

38 1574 184 1624 χεται
205 1555 269 1610 δέ
286 1559 384 1624 μοί
394 1576 444 1609 τι
461 1556 551 1610 καὶ
568 1558 837 1625 ἔμμετρον
853 1559 1041 1624 εἰπεῖν,
1055 1553 1140 1610 ὅτι
1155 1548 1320 1620 οὗτός
1336 1554 1526 1612 ἐστινὸ
1547 1562 1724 1612 ποιων

183 1636 409 1707 εἰρήνην
427 1637 529 1707 μὲν
546 1640 608 1692 ἐν
628 1636 978 1707 ἀνθρώποις,
1001 1639 1221 1708 πελάγει
1242 1639 1300 1695 δὲ
1320 1639 1567 1711 γαλήνην

184 1725 451 1789 νηνεμίαν
470 1717 717 1790 ἀνέμων,
739 1726 893 1792 κοίτῃ
915 1719 967 1774 δ’
991 1719 1174 1776 ὕπνον
1193 1725 1419 1792 νηκηδὴ.

44 1793 207 1866 οὗτος
237 1800 294 1857 δὲ
324 1799 467 1872 ἡμᾶς
496 1801 914 1873 α’λλοτριότητος
942 1802 1043 1873 μὲν
1075 1816 1254 1875 κενοῖ,
1298 1804 1630 1875 οἰκειότητος
1660 1803 1720 1859 δὲ
1752 1815 1787 1855 D

43 1890 245 1953 πληροῖ
252 1925 267 1950 ,
289 1883 385 1949 τάς
402 1884 623 1940 τοιάσδε
644 1885 917 1950 ξυνόδους
936 1884 1054 1956 μετ’
1078 1884 1334 1957 ἀλλήλων
1354 1885 1532 1950 πάσας
1553 1888 1728 1951 τιθεὶς

42 1967 310 2031 ξυνιέναι,
349 1968 410 2020 ἐν
440 1966 677 2038 ἑορταῖς,
715 1970 778 2023 ἐν
806 1978 1014 2038 χοροῖς,
1057 1970 1118 2022 ἐν
1145 1975 1370 2033 θυσίαις
1400 1968 1729 2039 γιγνόμενος

42 2043 284 2118 ἡγεμών·
325 2048 606 2119 πραότητα
630 2049 733 2121 μὲν
752 2054 1015 2122 πορίζων,
1054 2048 1351 2121 ἀγριότητα
1371 2048 1424 2104 δ’
1446 2053 1725 2118 ἐξορίζων·

42 2128 355 2199 φιλόδωρος
392 2131 698 2203 εὐμενείας,
740 2132 956 2201 ἅδωρος
994 2137 1342 2203 δυσμενείας·
1389 2134 1549 2196 ἵλεως
1587 2130 1728 2202 ἄγα·-

41 2220 195 2276 θοϊς,
234 2211 435 2279 θεατὰς
464 2226 686 2285 σοφοῖς,
726 2213 964 2285 α’γαστός
982 2222 1161 2278 θεοῖς’
1202 2211 1437 2284 ζηλωτὸς
1458 2212 1724 2286 άμοίροις,

43 2292 238 2364 κτητὸς
261 2291 560 2364 εὐμοίροις·
597 2302 840 2367 τρυφῆς,
872 2295 1203 2367 ἁβρότητος,
1235 2299 1446 2367 χλιδῆς,
1467 2301 1724 2367 χαρίτων,

44 2379 237 2446 ἱμέρου
250 2416 266 2444 ,
289 2374 476 2432 πόθου
494 2379 673 2450 πατήρ
687 2401 698 2411 ·
737 2377 991 2450 ἐπιμελὴς
1009 2376 1243 2449 ἀγαθῶν
1255 2421 1269 2449 ,
1290 2377 1493 2451 ἀμελὴς
1511 2385 1700 2435 κακῶν
1713 2401 1725 2413 ·

44 2461 105 2513 ἐν
125 2458 303 2531 πόνςο,
346 2460 408 2513 ἐν
427 2459 616 2533 φόβῳ,
652 2464 713 2516 ἐν
733 2461 923 2533 πόθῳ,
961 2462 1021 2515 ἐν
1044 2461 1191 2533 λόγῳ
1211 2463 1576 2534 κυβερνήτης,
1606 2465 1720 2519 ἐπι·
1754 2478 1788 2518 Ε

43 2540 239 2614 βάτης,
275 2541 621 2612 παραστάτης
638 2563 694 2598 τε
714 2544 803 2597 καὶ
822 2542 1005 2613 σωτὴρ
1027 2541 1273 2614 ἄριστος,
1314 2544 1647 2616 ξυμπάντων
1668 2566 1726 2600 τε

46 2627 202 2678 θεῶν
221 2625 311 2678 καὶ
330 2621 653 2692 ἀνθρώπων
673 2623 903 2695 κόσμος,
941 2621 1162 2695 ἡγεμών
1180 2625 1472 2692 κάλλιστος
1491 2629 1582 2683 καὶ
1601 2626 1725 2696 ἄρι-

48 2718 198 2772 στος,
239 2697 284 2779 ᾦ
312 2703 414 2775 χρὴ
447 2706 680 2761 ἔπεσθαι
722 2706 900 2762 πάντα
938 2705 1115 2778 ἄνδρα
1150 2710 1508 2779 ἐφυμνοῦντα
1545 2714 1727 2773 καλῶς

48 2791 215 2857 καλῆς
244 2784 388 2860 ᾠδῆς
418 2789 736 2857 μετέχοντα,
777 2785 848 2858 ἣν
874 2787 994 2862 ᾅδει
1011 2794 1233 2859 θέλγων
1251 2790 1476 2846 πάντων
1494 2795 1650 2845 θεῶν
1667 2810 1726 2846 τε
