2028 3198
0 88 142 156 (11⁷
713 98 1095 147 ΦΑΙΛΡΟΣ.
1218 99 1230 102 ·
1301 91 1311 97 “
1640 92 1745 144 255

55 258 115 293 τε
150 236 420 307 βούληται
454 234 705 305 οἰκτράς,
756 234 848 288 καὶ
888 227 1221 287 τούναντίον
1259 224 1333 286 αὖ
1371 228 1619 301 φοβερὰς
1652 230 1746 284 καὶ

0 342 1 369 ς
56 316 439 390 ἆπειλητικάς,
478 315 585 371 ὅσα
611 313 666 371 τ’
698 312 838 370 αλλα
866 319 1121 382 τοιαῦτα,
1159 314 1252 368 καὶ
1289 312 1570 368 διδάσκων
1603 308 1744 367 αὐτὰ
1770 323 1809 364 D

0 428 1 442 π
57 401 363 474 τραγωδίας
381 403 602 470 ποίησιν
623 404 794 454 οἴεται
812 395 1087 495 παραδιδό
1091 417 1208 463 ναι;

200 487 353 537 ΦΑΙ.
406 482 519 537 Καὶ
548 474 707 537 οὗτοι
737 479 838 548 ἄν,
878 501 919 533 ω
941 477 1263 550 Σώκρατες,
1293 477 1470 551 οἶμαι,
1512 499 1742 549 κάταγε,

16 635 18 637 „
55 572 228 640 λωεν,
266 571 323 621 εἴ
342 585 423 629 τις
443 572 617 620 οἴεται
636 565 951 636 τραγῳδίαν
969 560 1105 618 α’λλο
1125 583 1177 616 τι
1197 557 1391 616 εἶναι
1354 583 1388 631 η
1409 559 1511 633 τὴν
1530 560 1748 617 τούτων

54 646 325 705 σύστασιν
355 652 708 718 πρέπουσαν,
746 644 1003 716 ἀλλήλοις
1031 664 1088 698 τε
1121 645 1212 700 καὶ
1239 650 1319 716 τῷ
1348 641 1461 716 ὅλῳ
1483 660 1748 700 συνιστα-

53 732 243 802 μένην.

196 817 321 868 ΣΩ.
372 809 513 867 Ἀλλ’
540 810 644 866 οὐκ
664 807 737 865 ἂν
756 810 1028 881 ἀγροίκως
1045 831 1125 880 γε,
1148 808 1314 880 οἶμαι,
1337 810 1741 881 λοιδορήσειαν,

53 893 178 952 ἀλλ’
215 893 399 964 ὥσπερ
429 890 502 948 ἂν
529 890 795 965 μουσικὸς
825 891 1070 962 ἐντυχών
1097 890 1261 962 άνδρὶ
1296 894 1528 966 οἰομένῳ
1568 889 1745 963 ἁρμο-

53 982 193 1052 νικῷ
224 975 366 1032 εἶναι
379 1018 395 1047 ,
435 974 521 1031 ὅτι
549 975 616 1047 δὴ
646 975 907 1046 τυγχάνει
928 974 1285 1046 ἐπιστάμενος
1306 972 1378 1040 ὡς
1397 970 1519 1030 οἶόν
1537 996 1594 1030 τε
1614 972 1745 1041 ὀξυ-

54 1060 228 1131 τάτην
256 1060 348 1115 καὶ
376 1060 699 1131 βαρυτάτην
730 1057 940 1130 χορδὴν
971 1069 1176 1129 ποιεῖν,
1217 1055 1321 1114 οὐκ
1360 1054 1565 1130 ἀγρίως
1601 1065 1745 1113 εἴποι
1774 1065 1810 1104 E

58 1140 131 1198 ἄν
147 1168 158 1178 ·
182 1136 228 1198 ὦ
244 1146 510 1214 μοχθηρέ,
531 1149 889 1216 μελαγχολᾷς,
914 1139 1040 1197 ἀλλ’
1061 1139 1156 1196 ἅτε
1175 1139 1440 1212 μουσικὸς
1462 1135 1543 1195 ὢν
1562 1139 1744 1208 πραό-

55 1246 220 1295 τερον
254 1223 368 1295 ὄτι,
400 1219 446 1279 αἶ
468 1224 684 1295 ἄριστε,
723 1222 938 1296 ἀνάγκη
969 1225 1071 1296 μὲν
1098 1226 1191 1281 καὶ
1223 1222 1382 1279 ταῦτ’
1415 1225 1744 1280 ἐπίστασθαι

54 1308 156 1365 τὸν
174 1312 442 1380 μέλλοντα
461 1305 767 1378 ἁρμονικὸν
785 1311 1040 1378 ἔσεσθαι,
1068 1305 1236 1364 οὐδὲν
1254 1306 1366 1379 μὴν
1385 1307 1587 1363 κωλύει
1606 1306 1743 1379 μηδὲ

0 1421 4 1446 a
55 1389 293 1462 σμικρὸν
329 1388 595 1462 ἁρμονίας
629 1394 841 1447 ἐπαΐειν
868 1388 969 1447 τὸν
999 1388 1103 1462 τὴν
1134 1390 1240 1462 σὴν
1270 1391 1383 1456 ἕξιν
1413 1394 1634 1460 ἔχοντα·
1676 1389 1741 1444 τὰ

54 1473 160 1545 γὰρ
197 1471 305 1543 πρὸ
338 1470 605 1544 ἁρμονίας
633 1471 904 1544 ἀναγκαῖα
932 1473 1234 1546 μαθήματα
1264 1476 1575 1542 ἐπίστασαι,
1619 1468 1741 1527 ἀλλ’

53 1555 125 1613 οὐ
141 1556 207 1613 τὰ
229 1554 523 1628 ἁρμονικά.

195 1646 347 1696 ΦΑΙ.
394 1638 703 1710 Ὀρθότατά
722 1662 801 1711 γε.

195 1727 321 1777 ΣΩ.
379 1720 609 1778 Οὐκοῦν
629 1720 766 1778 καὶὸ
790 1731 1088 1797 Σοφοκλῆς
1103 1725 1204 1782 τόν
1222 1741 1416 1795 σφισιν
1434 1724 1746 1782 ἐπιδεικνύ-
1773 1735 1860 1781 269

291 1804 304 1820 Ί
423 1804 435 1822 ἱ
799 1803 822 1824 Ἃ
1575 1808 1588 1826 Ι

971 1807 1329 1830 ’’’’’

872 1888 1238 1911 .....

199 1977 350 2028 ΦΑΙ.
407 1972 739 2029 Παντάπασι
757 1974 859 2044 μὲν
879 1967 999 2030 οὖν.

194 2060 318 2110 LIII.
389 2060 513 2110 ΣΩ.
577 2061 646 2111 Τι’
661 2058 724 2112 δέ
734 2080 749 2123 ;
778 2055 877 2112 τὸν
897 2065 1203 2129 μελίγηρυν
1222 2057 1536 2127 ’Ἄδραστον
1554 2056 1743 2127 οἰόμε-

0 2139 1 2180 3
53 2145 132 2192 θα
151 2132 188 2207 ἦ
207 2139 296 2193 καὶ
315 2141 618 2209 Περικλέα,
658 2145 710 2195 εἰ
735 2138 1038 2196 ἀκούσειαν
1059 2134 1141 2196 ὦν
1158 2147 1268 2195 νῦν
1288 2142 1355 2210 δὴ
1376 2138 1529 2211 ἡμεῖς
1548 2143 1744 2211 διῇμεν

16 2222 167 2336 {cdv
187 2221 488 2290 παγκάλων
506 2222 888 2295 τεχνημάτων,
925 2229 1313 2294 βραχυλογιῶν
1338 2243 1396 2278 τε
1417 2223 1507 2278 καὶ
1526 2225 1742 2278 εἰκονο-

19 2310 259 2395 ξλογιῶν
285 2305 377 2359 καὶ
403 2303 508 2360 ὅσα
538 2303 677 2360 ἄλλα
708 2306 1030 2371 διελθόντες
1050 2303 1145 2360 ὑπ’
1172 2302 1349 2376 αὐγὰς
1369 2309 1581 2375 ἔφαμεν
1600 2302 1742 2361 εἶναι

22 2389 314 2455 monentia,
350 2386 588 2457 πότερον
605 2395 853 2459 χαλεπῶς
872 2384 944 2444 ἂν
964 2387 1197 2459 αὐτούς,
1236 2386 1423 2457 ὥσπερ
1443 2386 1550 2458 ἐγώ
1568 2409 1627 2443 τε
1649 2388 1742 2443 καὶ
1775 2400 1808 2441 Β

28 2470 156 2543 σύ,
199 2467 297 2525 ὑπ’
338 2468 624 2541 ἀγροικίας
663 2472 809 2542 ῥῆμά
846 2494 897 2526 τι
933 2475 1108 2527 εἰπεῖν
1137 2470 1475 2527 ἀπαίδευτον
1505 2474 1581 2535 εἰς
1609 2469 1741 2535 τοὺς

43 2558 226 2608 ταῦτα
255 2554 602 2624 γεγραφότας
630 2577 688 2611 τε
709 2558 798 2611 καὶ
822 2555 1185 2622 διδάσκοντας
1216 2577 1291 2620 ως
1319 2552 1621 2628 ῥητορικὴν
1649 2555 1740 2609 τέ-

51 2653 219 2706 χνην,
259 2635 296 2707 η’
325 2635 418 2692 ἅτε
455 2635 614 2709 ἡμῶν
631 2636 796 2702 ὄντας
816 2640 1168 2710 σοφωτέρους
1187 2661 1295 2695 καν
1314 2643 1431 2712 νῷν
1451 2640 1739 2707 ἐπιπλῆξαι

47 2717 335 2782 εἰπόντας·
359 2713 403 2773 ὦ
424 2724 633 2788 Φατδρέ
653 2742 707 2775 τε
730 2722 820 2776 καὶ
838 2721 1158 2819 Σώκρατες,
1181 2721 1250 2779 οὐ
1267 2720 1369 2793 χρὴ
1390 2726 1740 2792 χαλεπαίνειν

55 2795 194 2854 ἄλλα
215 2801 669 2872 συγγιγνώσκειν,
694 2812 747 2859 εἴ
759 2825 901 2869 τινες
920 2803 994 2876 μὴ
1016 2805 1367 2876 ἐπισταμενοι
1388 2805 1738 2874 διαλέγεσθαι
