2028 3198
696 97 1099 179 ωἰΛΗΒοΣ.
1275 160 1278 161 f
1678 122 1743 175 75

201 266 372 320 1192.
416 258 537 320 Ἦν.

204 349 331 402 ΣΩ.
390 342 618 402 Οὐκοῦν
646 350 847 398 τοῦτον
875 341 978 412 μὲν
1005 340 1106 397 τὸν
1133 347 1260 413 βίον
1290 340 1511 414 ὁρῶμέν
1531 361 1644 397 που
1662 347 1745 406 τίς

61 427 125 481 τέ
138 428 252 483 ἐστι
270 427 363 482 καὶ
382 424 580 482 ὁποίου
597 427 821 494 γένους;

202 512 372 564 ΠΡΩ.
410 513 542 572 Πῶς
559 505 666 577 γὰρ
688 504 781 569 οὕς

202 595 325 646 ΣΩ.
382 590 492 645 Καὶ
522 590 686 659 μέρος
714 584 768 657 γ’
794 584 968 642 αὐτὸν
986 585 1240 657 φήσομεν
1260 585 1400 643 εἶναι
1417 594 1518 644 τοῦ
1536 592 1742 659 τρίτου,

58 670 238 743 οἶμαι,
275 674 496 743 γένους·
536 668 605 727 οὐ
635 668 743 740 γὰρ
774 672 934 725 δυοῖν
961 679 1138 723 τινοῖν
1168 670 1278 725 ἐστὶ
1306 670 1496 740 μικτὸς
1519 673 1742 737 ἐκεῖνος,

59 751 200 809 ἀλλὰ
231 754 568 826 ξυμπάντων
594 757 708 807 τῶν
739 749 983 820 ἀπείρων
1011 747 1119 805 ὑπὸ
1149 757 1251 807 τοῦ
1273 757 1507 821 πέρατος
1525 755 1746 823 δεδεμέ-

61 858 207 903 νων,
248 835 387 891 ὥστε
418 833 606 904 ὀρθῶς
636 830 665 889 ὁ
697 832 1000 903 νικηφόρος
1030 825 1192 898 οὗτος
1211 838 1331 905 βίος
1348 836 1512 904 μέρος
1528 837 1744 890 ἐκείνου

55 916 291 988 γίγνοιτ’
315 916 402 973 ἄν.

200 1003 368 1055 ΠΡΩ.
418 996 721 1068 Ὀρθότατα
739 998 842 1069 μὲν
860 991 981 1052 οὖν.

200 1086 312 1138 XV.
385 1086 511 1138 ΣΩ.
568 1079 726 1137 Εἶεν·
764 1085 820 1136 τί
844 1081 901 1137 δὲ
931 1077 960 1135 ὁ
991 1080 1114 1150 σός,
1155 1072 1202 1134 ὦ
1222 1084 1454 1151 Φίληβε,
1495 1077 1633 1150 ἡδὺς
1652 1082 1742 1136 καὶ
1769 1086 1803 1127 Ε

58 1162 288 1234 ἄμικτος
318 1161 425 1228 ὤνς
462 1166 522 1218 έν
550 1168 657 1218 τίνι
685 1164 833 1232 γένει
861 1168 975 1217 τῶν
1005 1164 1311 1233 εἰρημένων
1329 1162 1625 1234 λεγόμενος
1644 1160 1743 1234 ὀρ-

58 1251 180 1310 θῶς
207 1243 279 1300 ἄν
307 1265 437 1301 ποτε
456 1248 699 1315 λέγοιτο;
738 1238 845 1300 ὦδε
864 1241 915 1299 δ’
941 1242 1244 1312 ἀπόκριναί
1259 1266 1353 1314 μοι
1369 1246 1501 1314 πρὶν
1521 1243 1744 1318 ἀποφή-

62 1334 288 1382 νασθαι.

204 1414 304 1464 ΦΙ.
363 1410 505 1478 Λέγε
523 1408 715 1478 μόνον.

201 1495 325 1547 ΣΩ.
378 1487 578 1560 Ἡδονὴ
609 1491 698 1545 καὶ
721 1489 866 1560 λύπη
887 1494 1056 1560 πέρας
1080 1494 1294 1560 ἔχετον,
1331 1485 1368 1561 ἦ
1388 1497 1501 1546 τῶν
1518 1489 1579 1547 τὸ
1602 1497 1744 1561 μᾶλ-

57 1573 160 1630 λόν
180 1594 236 1629 τε
257 1574 349 1629 καὶ
366 1565 533 1643 ἦττον
553 1576 862 1644 δεχομένων
881 1573 1066 1637 έστόν;

203 1660 300 1710 ΦΙ.
358 1659 493 1724 Ναί,
530 1661 644 1710 τῶν
662 1654 723 1709 τὸ
744 1660 985 1725 μᾶλλον,
1028 1648 1072 1710 ὦ
1091 1654 1387 1724 Σώκρατες
1402 1675 1414 1686 ·
1454 1652 1523 1710 οὐ
1543 1655 1650 1726 γὰρ
1670 1652 1742 1711 ἄν

57 1735 235 1809 ἡδονὴ
267 1742 381 1791 πᾶν
410 1736 633 1806 ἀγαθὸν
662 1731 760 1807 ἦν,
801 1735 939 1808 εἰμὴ
961 1734 1193 1806 ἄπειρον
1212 1736 1473 1807 ἐτύγχανε
1493 1738 1742 1808 πεφυκὸς

56 1822 146 1875 καὶ
168 1819 371 1890 πλήθει
389 1819 479 1874 καὶ
498 1825 577 1889 τῷ
594 1825 821 1889 μᾶλλον.

200 1906 324 1957 ΣΩ.
385 1898 531 1956 οὐδὲ
559 1900 657 1971 ἄν,
701 1895 747 1957 ὦ
777 1907 1008 1973 Φιληβε,
1048 1901 1194 1972 λύπη
1225 1908 1338 1957 πᾶν
1366 1904 1568 1959 κακόν·
1609 1901 1740 1959 ὥστ’
1771 1913 1825 1957 28

54 1981 191 2039 ἄλλο
209 2005 261 2039 τι
283 1990 400 2058 νῷν
421 1987 688 2039 σκεπτέον
704 1979 741 2054 ἦ
759 1982 859 2055 τὴν
874 1991 975 2039 τοῦ
996 1981 1231 2055 α’πείρου
1251 1985 1453 2057 φύσιν,
1493 1983 1566 2051 ὡς
1597 2006 1741 2054 παρ-

24 2069 231 2137 ,έχεταί
256 2089 306 2121 τι
332 2069 496 2137 μέρος
522 2076 639 2131 ταῖς
667 2063 893 2137 ἡδοναῖς
912 2064 1148 2136 ἀγαθοῦ.
1205 2073 1370 2122 τοῦτο
1410 2067 1478 2134 δή
1511 2085 1598 2123 σοι
1627 2074 1740 2123 τῶν

53 2146 384 2219 α’περάντων
425 2170 656 2219 γεγονος
691 2153 854 2205 ἔστω·
906 2149 1184 2220 φρόνησιν
1225 2150 1283 2205 ὁὲ
1313 2149 1404 2204 καὶ
1440 2150 1742 2220 ἐπιστήμην

55 2230 147 2285 καὶ
176 2235 319 2285 νοῦν
350 2234 426 2295 εἰς
451 2236 507 2286 τί
534 2251 664 2287 ποτε
684 2240 797 2288 τῶν
817 2233 1259 2301 προειρημένων,
1302 2222 1345 2285 ὦ
1363 2231 1668 2302 Πρώταρχέ
1683 2253 1739 2287 τε

54 2313 146 2366 καὶ
166 2316 398 2383 Φίληβε,
440 2318 550 2367 νῦν
578 2315 772 2379 θέντες
803 2312 906 2369 οὐκ
935 2308 1007 2367 ἄν
1037 2310 1359 2384 α’σεβοτμενς
1400 2310 1469 2367 ού
1498 2313 1606 2383 γάρ
1646 2334 1740 2384 μοι

56 2396 213 2447 δοκεῖ
239 2391 469 2462 σμικρὸς
492 2390 623 2463 ἡμῖν
645 2393 784 2449 εἶναι
804 2392 833 2449 ὁ
855 2397 1115 2459 κίνδυνος
1139 2393 1530 2465 κατορθώσασι
1553 2396 1642 2452 καὶ
1662 2393 1735 2466 μὴ

10 2494 12 2505 ’
55 2475 175 2542 περὶ
198 2471 258 2527 τό
281 2479 388 2528 νῦν
406 2474 784 2544 ἐρωτώμενον.

31 2606 42 2622 ,
195 2560 290 2611 ΦΙ.
365 2554 674 2625 Σεμνύνεις
718 2558 856 2626 γάρ,
906 2551 950 2613 ὦ
984 2558 1307 2628 Σώκρατες,
1356 2557 1456 2615 τὸν
1501 2565 1739 2615 σεαυτοῦ

51 2636 203 2693 θεόν.
1767 2650 1800 2694 Β

34 2743 43 2748 -
190 2723 316 2773 ΣΩ.
374 2718 481 2772 Καὶ
503 2717 608 2787 γὰρ
631 2718 730 2787 σύ,
752 2712 797 2773 ω’
815 2721 1017 2792 ἑταῖρε,
1042 2721 1146 2794 τὴν
1170 2729 1404 2779 σαυτοῦ·
1444 2723 1504 2778 τὸ
1526 2720 1578 2777 δ’
1600 2725 1740 2793 ἐρω-

23 2817 35 2830 ·
53 2795 300 2869 τῶμενον
319 2799 469 2871 ὅμως
490 2798 621 2871 ἡμῖν
642 2805 881 2858 λεκτέον.
