2028 3198
503 55 517 65 0

0 104 91 163 «Ἢ
645 71 1176 158 ΣΥΜΠΟΣΙΟΝ.
1613 105 1713 156 195

34 246 147 300 ἐστι
184 242 564 315 πρεσβύτερον
591 248 692 296 τοῦ
721 238 795 306 ὥς
830 239 864 295 ὅ
897 263 944 295 τι
986 245 1268 311 βέλτιστον
1303 238 1396 310 ἐμὲ
1431 242 1711 311 γενέσθαι,

32 325 238 381 τούτου
258 329 316 381 δὲ
335 323 490 396 οἶμαί
500 344 594 395 μοι
616 321 968 393 συλλήπτορα
988 321 1192 378 οὐδένα
1215 321 1557 394 κυριώτερον
1573 321 1714 378 εἶναι

34 413 154 463 σοῦ.
191 405 295 477 ἐγώ
318 405 385 478 δὴ
406 403 640 478 τοιούτω
659 402 820 474 α’νδρὶ
839 403 982 459 πολὺ
1012 410 1224 474 μᾶλλον
1245 401 1317 460 ἄν
1334 403 1407 476 μὴ
1427 405 1712 476 χαριζόμε-

35 510 130 554 νος
149 492 509 558 αἰσχυνοίμην
527 484 658 550 τοὺς
687 492 1020 557 φρονίμους,
1058 483 1093 558 ἦ
1121 488 1475 558 χαριζόμενος
1503 488 1633 554 τούς
1653 509 1712 544 τε

33 569 271 635 πολλοὺς
290 571 379 625 καὶ
401 568 666 639 ἄφρονας.
696 571 785 623 καὶ
807 562 969 635 οὗτος
989 567 1230 634 α’κούσας
1247 569 1395 640 μάλα
1414 575 1711 640 εἰρωνικῶς

32 654 119 709 καὶ
142 652 360 723 σφόδρα
391 652 591 706 ἑαυτοῦ
623 670 679 704 τε
700 651 790 705 καὶ
811 652 1090 717 εἰωθότως
1114 646 1370 718 ἕλεξενᾮ
1391 651 1711 723 φίλεἈλκι-

29 735 222 807 βιάδη,
243 732 588 798 κινδυνεύεις
612 739 687 808 τῷ
705 731 824 788 ὄντι
846 733 914 788 ού
935 739 1150 803 φαῦλος
1167 731 1332 803 εἶναι,
1355 741 1507 801 εἴπερ
1526 732 1712 805 ἀληθῆ

1780 621 1854 660 ,λ’

30 818 285 888 τυγχάνει
306 814 440 872 ὄντα
458 813 493 870 c‘c'
511 820 684 885 λέγεις
702 819 825 883 περὶ
845 820 980 886 ἐμοῦ
992 858 1007 885 ,
1049 821 1145 870 καί
1159 837 1238 879 τις
1257 813 1368 869 ἔστ’
1388 817 1448 870 ἐν
1467 817 1584 885 ἐμοὶ.
1605 816 1675 869 δύ
1737 824 1769 864 Ε

32 923 206 971 ναμις,
228 899 299 955 δι’
322 893 388 971 ἧς
411 895 484 954 ἂν
512 896 584 953 σύ
603 901 788 967 γένοιο
810 897 1078 968 ἀμείνων·
1099 896 1384 968 ἀμήχανόν
1406 919 1490 953 τοι
1509 897 1711 963 κάλλος

29 980 207 1058 ὁρῴης
238 978 310 1037 ἂν
332 985 395 1038 ἐν
427 982 544 1051 ἐμοὶ
576 982 665 1035 καὶ
694 987 788 1051 τῆς
818 979 964 1048 παρὰ
996 981 1081 1035 σοὶ
1113 977 1419 1051 εὐμορφίας
1449 980 1711 1051 πάμπολυ

30 1068 310 1136 διαφέρον.
332 1069 382 1120 εἰ
398 1062 465 1135 δὴ
485 1070 751 1134 καθορῶν
769 1060 903 1118 αὐτὸ
926 1061 1311 1118 κοινώσασθαί
1323 1066 1384 1117 τέ
1397 1083 1491 1133 μοι
1510 1064 1710 1132 ἐπιχει-

29 1159 142 1219 ρεῖς
160 1149 250 1203 καὶ
268 1145 612 1213 ἀλλάξασθαι
638 1146 839 1210 κάλλος
859 1143 979 1200 ἀντὶ
998 1146 1263 1215 κάλλους,
1289 1142 1392 1199 οὐκ
1413 1141 1580 1219 ὀλίγῳ
1600 1166 1710 1215 μου

29 1238 375 1286 πλεονεκτεῖν
412 1232 644 1297 διανοεῖ,
693 1228 814 1283 ἀλλ’
855 1226 975 1282 ἀντὶ
1014 1228 1173 1298 δόξης
1209 1225 1486 1299 ἀλήθειαν
1521 1233 1710 1283 καλῶν

29 1319 267 1368 κτᾶσθαι
298 1314 577 1381 ἐπιχειρεῖς
604 1313 694 1365 καὶ
723 1316 799 1383 τῷ
827 1308 947 1365 ὄντι
976 1310 1179 1380 χρύσεα
1207 1316 1478 1381 χαλκείων
1499 1314 1709 1381 διαμεί-

25 1401 226 1466 βεσθαι
242 1404 397 1457 νοεῖς.
417 1391 549 1459 ἀλλ’,
573 1385 618 1447 ὦ
637 1393 887 1462 μακάριε,
911 1390 1140 1462 ἄμεινον
1159 1392 1372 1461 σκόπει,
1394 1393 1470 1464 μή
1488 1410 1549 1448 σε
1569 1399 1706 1448 λαν-

27 1477 189 1532 θάνω
227 1474 395 1531 οὐδὲν
430 1473 523 1528 (ὅν.
582 1471 619 1544 ἥ
655 1495 738 1528 τοι
775 1480 870 1544 τῆς
908 1477 1151 1539 διανοίας
1189 1473 1315 1540 ὄψις
1349 1473 1571 1546 ἄρχεται
1606 1474 1707 1542 ὀξὺ

24 1561 269 1631 βλέπειν,
306 1556 442 1612 ὅταν
474 1555 505 1627 ἡ
535 1562 648 1611 τῶν
676 1554 939 1626 ὀμμάτων
966 1563 1061 1628 τῆς
1090 1556 1267 1629 ἀκμῆς
1296 1558 1486 1629 λήγειν
1504 1561 1708 1630 ε’πιχει-

23 1646 119 1713 ρῇ·
157 1638 228 1695 σύ
266 1640 324 1695 δὲ
360 1637 574 1693 τούτων
611 1643 687 1692 ἔτι
725 1639 930 1710 πόρρω.
971 1638 1123 1712 κάγώ
1162 1638 1432 1712 ἀκούσας,
1486 1641 1565 1697 Τὰ
1604 1641 1706 1712 μὲν

23 1718 159 1789 παρ’
187 1723 351 1791 ἐμοῦ,
387 1723 554 1790 ἔφην,
587 1718 742 1774 ταῦτ’
764 1722 938 1793 ἐστίν,
962 1714 1040 1777 ὧν
1061 1719 1228 1778 οὐδὲν
1245 1723 1424 1789 ἄλλως
1443 1720 1706 1795 εἴρηταιῆ

25 1802 96 1869 ὡς
126 1807 477 1872 διανοοῦμαι·
518 1799 590 1857 σὺ
622 1800 681 1857 δὲ
702 1799 868 1868 αὐτὸς
897 1803 1045 1860 οὕτω
1072 1805 1379 1878 βουλεύου,
1412 1804 1444 1862 ὅ
1456 1810 1517 1914 V
1551 1812 1626 1858 ὀί
1647 1829 1704 1862 τε

26 1886 254 1956 ἄριστον
273 1886 363 1941 καὶ
382 1886 500 1955 ἐμοὶ
521 1882 654 1955 ἡγεῖ.
710 1883 874 1957 Ἀλλ’,
907 1892 1040 1959 ἔφη,
1062 1889 1229 1944 τοῦτο’
1247 1911 1310 1960 γε
1335 1883 1401 1944 εὖ
1421 1896 1452 1944 λ
1643 1922 1700 1944 -.1

1738 1322 1824 1368 219

22 1967 127 2039 γάρ
151 1973 232 2041 τῷ
260 1967 468 2023 ἐπιόντι
496 1967 679 2042 χρόνῳ
710 1968 1110 2041 βουλευόμενοι
1128 1970 1459 2043 πράξομενό
1478 1970 1552 2027 ἄν
1570 1977 1701 2042 φαί-
1727 1982 1759 2023 Β

18 2072 179 2122 νηται
207 2056 324 2124 νῷν
354 2055 485 2118 περί
506 2072 563 2106 τε
595 2050 811 2106 τούτων
841 2055 932 2108 καὶ
962 2058 1086 2124 περὶ
1116 2061 1229 2111 τῶν
1249 2055 1437 2111 ἄλλων
1458 2054 1699 2125 ἄριστον.

0 2134 128 2203 ’ἐγώ
147 2133 248 2203 μὲν
267 2131 334 2203 δὴ
355 2138 528 2188 ταῦτα
553 2131 797 2199 ἀκούσας
813 2156 871 2190 τε
891 2137 981 2191 καὶ
1002 2137 1201 2207 εἰπών,
1232 2139 1322 2193 καὶ
1340 2135 1497 2208 ἀφεὶς
1517 2135 1702 2207 ὥσπερ

58 2219 168 2284 έλη,
184 2220 490 2282 τετρῶσθαι
503 2213 676 2272 αὐτὸν
691 2214 848 2290 ᾤμην
862 2239 871 2250 ·
886 2219 976 2273 καὶ
993 2217 1230 2283 ἀναστάς
1248 2240 1327 2291 γε,
1345 2216 1475 2275 οὐδὲ
1491 2221 1705 2290 ἐπιτρέ-

64 2318 127 2361 ας
147 2296 323 2352 τούτω
344 2300 517 2352 εἰπεῖν
535 2296 701 2356 οὐδὲν
722 2303 816 2370 ἔτι,
838 2298 1111 2398 ἀμφιέσας
1126 2298 1186 2355 τὸ
1209 2300 1430 2371 ἱμάτιον
1449 2301 1509 2359 τὸ
1531 2306 1701 2374 ἐμαυ-

52 2385 121 2434 οῦ
139 2384 341 2434 τοῦτον
361 2414 431 2423 -
443 2382 538 2436 καὶ
555 2403 661 2451 γαρ
680 2375 751 2452 ἦν
766 2381 971 2452 χειμών
994 2416 1061 2424 -
1081 2379 1189 2437 ὑπὸ
1210 2381 1308 2438 τὸν
1336 2389 1579 2456 τρίβωνα
1598 2407 1700 2441 κα-

9 2461 288 2526 ,τακλινεὶς
313 2459 415 2517 τὸν
432 2460 660 2533 τούτου,
694 2462 1008 2535 περιβαλων
1026 2485 1099 2518 τω
1119 2474 1263 2535 χεῖρε
1281 2466 1459 2541 τούτῳ
1481 2471 1556 2540 τῷ
1578 2470 1764 2522 ‹sm-c

9 2536 248 2618 'om'qw
214 2566 286 2609 ως
303 2541 529 2614 άληθῶς
547 2548 637 2599 καὶ
662 2552 997 2620 θαυμαστῷ,
1035 2554 1362 2621 κατεκείμην
1389 2549 1493 2621 τὴν
1522 2549 1699 2605 νύκτα

22 2621 171 2697 ὅλην
194 2628 282 2682 καὶ
303 2623 433 2682 οὐδὲ
453 2633 624 2682 ταῦτα
644 2621 734 2699 αὖ,
758 2650 800 2684 ω
820 2628 1131 2701 Σώκρατες,
1153 2631 1343 2700 έρετς’
1310 2654 1394 2687 οτι
1407 2632 1695 2702 ψεύδομαι.

24 2708 353 2781 ποιήσαντος
372 2709 428 2764 δὲ
451 2709 517 2780 δή
539 2715 710 2764 ταῦτα
730 2712 865 2781 ἐμοῦ
887 2704 1047 2778 οὗτος
1065 2720 1335 2771 τοσοῦτον
1355 2713 1699 2785 περιεγένετό

24 2807 81 2846 τε
116 2793 201 2847 καὶ
241 2791 616 2863 κατεφρόνησε
656 2796 743 2848 καὶ
772 2797 1095 2865 κατεγέλασε
1125 2803 1220 2869 τῆς
1257 2798 1387 2868 ἐμῆς
1421 2818 1574 2905 ξορας
1610 2802 1698 2852 καὶ

1353 2879 1405 2924 13

1885 671 1898 693 Ι
