2028 3198
263 142 366 198 176
859 143 1033 189 ΠΛΑ
1052 141 1335 189 ΤΩΝΟΣ
1685 119 1687 121 ’
1880 147 1972 194 35.

261 284 462 341 θυσίας
475 318 491 344 ,
520 282 632 330 τῶν
653 273 711 330 δὲ
730 271 825 338 τὰς
844 272 1107 337 ἐπιτάξεις
1125 294 1181 327 τε
1203 274 1294 328 καὶ
1315 270 1547 345 ἀμοιβὰς
1565 279 1677 329 τῶν
1695 281 1938 348 θυσιῶν,

263 362 323 415 ἐν
340 364 486 428 μέσῳ
519 355 577 411 δὲ
606 352 673 411 ὂν
701 354 1032 426 ἀμφοτέρων
1051 361 1386 425 συμπληροῖ,
1428 353 1566 410 ὥστε
1584 355 1645 411 τὸ
1668 362 1782 411 πᾶν
1801 354 1953 412 αὐτὰ
2012 372 2028 423 ν’,

265 439 414 511 αὐτῷ
434 441 810 504 ξυνδεδέσθαι.
864 434 952 490 διὰ
973 436 1176 492 τούτου
1193 435 1334 508 καὶὴ
1355 436 1586 509 μαντικὴ
1607 445 1755 493 πᾶσα
1773 449 1940 509 χωρεῖ

262 525 351 578 καὶ
371 520 404 592 ἡ
425 527 536 576 τῶν
557 522 750 591 ἱερέων
770 522 927 589 τέχνη
947 524 1060 573 τῶν
1078 540 1136 574 τε
1156 521 1279 588 περὶ
1298 517 1393 584 τὰς
1412 524 1613 584 θυσίας
1634 520 1836 585 καὶτὰς
1850 542 1938 575 τε-

138 621 228 667 203
263 602 419 667 λετάς
433 605 523 658 καὶ
538 600 634 667 τοὶς
645 599 857 675 ε’πςοδάς
868 600 957 655 καὶ
972 598 1074 670 τὴν
1086 606 1348 671 μαντείαν
1363 607 1548 656 πᾶσαν
1562 602 1653 656 καὶ
1667 605 1937 672 γοητείαν.

262 684 396 750 θεὸς
413 684 471 740 δὲ
487 683 769 757 ἀνθρώπῳ
787 680 854 738 οὐ
870 688 1142 753 μίγνυται,
1154 681 1292 738 ἀλλὰ
1310 680 1397 738 διά
1414 683 1617 738 τούτου
1629 682 1777 738 πᾶσά
1795 686 1938 739 ἐστιν

266 765 298 838 ἡ
319 765 501 837 ὁμιλία
517 764 654 837 καὶὴ
676 765 956 829 διάλεκτος
971 773 1124 830 θεοῖς
1142 763 1280 833 πρὸς
1298 763 1651 835 ἀνθρώπους,
1671 766 1762 819 καὶ
1778 767 1940 835 ἐγρη-
2022 788 2028 832 ¹.

268 848 461 918 γορόσι
490 849 580 902 καὶ
609 847 977 901 καθεύδουσι·
1016 846 1107 901 καὶ
1126 842 1155 900 ὁ
1177 845 1276 916 μὲν
1294 844 1503 915 περὶτὰ
1522 851 1747 900 τοιαῦτα
1768 844 1941 915 σοφὸς
2020 846 2028 882 3

268 930 548 1000 δαιμόνιος
578 927 750 1000 ἀνήρ,
790 927 818 984 ὁ
852 928 910 984 δὲ
941 928 1074 983 ἄλλο
1104 950 1155 982 τι
1186 928 1358 997 σοφὸς
1389 923 1468 982 οόν
1495 924 1530 997 ἢ
1560 929 1682 995 περὶ
1700 922 1941 996 τέχναςῆ
2026 978 2028 982 .

267 1015 609 1083 χειρουργίας
628 1009 779 1075 τινὰς
798 1011 1092 1082 βάναυσος.
1138 1002 1291 1064 οὗτοι
1315 1008 1381 1080 δὴ
1404 1012 1459 1064 οἱ
1476 1012 1730 1079 δαίμονες
1750 1008 1939 1062 πολλοὶ
2018 1031 2028 1034 “

268 1096 358 1149 καὶ
378 1096 723 1148 παντοδαποί
742 1097 897 1163 εἰσιν,
919 1089 992 1156 εἷς
1013 1092 1071 1147 δὲ
1089 1091 1301 1147 τούτων
1321 1092 1432 1146 ἐστὶ
1450 1092 1541 1145 καὶ
1560 1087 1784 1160 ὁ”Ερως.
1821 1095 1942 1143 Hoc·-

268 1173 397 1244 τρὸς
421 1175 506 1245 δέ,
548 1168 618 1245 ἦν
637 1173 688 1229 δ’
716 1175 850 1244 ἐγώ,
889 1179 1035 1238 τίνος
1054 1174 1167 1229 ἐστὶ
1184 1175 1274 1228 καὶ
1303 1173 1533 1244 μητρός;
1571 1171 1963 1239 Μακρότερον
2023 1173 2028 1230 ἶ

197 1271 228 1313 Β
270 1258 396 1328 μέν,
435 1261 537 1326 ἔφη
551 1298 565 1327 ,
605 1255 1000 1326 διηγήσασθαι·
1040 1254 1188 1326 ὅμως
1218 1256 1279 1310 δέ
1295 1271 1381 1310 σοι
1401 1257 1524 1324 ἐρῶ.
1587 1253 1677 1309 ὅτε
1698 1251 1802 1323 γὰρ
1824 1254 1942 1323 ἐγέ-
2023 1266 2028 1287 ³

269 1358 394 1392 νετο
413 1334 447 1407 ἡ
465 1335 783 1407 Ἀφροδίτη,
818 1340 1095 1392 εἱστιῶντο
1116 1339 1172 1391 οἱ
1186 1341 1338 1406 θεοί,
1363 1338 1491 1391 οἵτε
1512 1334 1668 1391 ἄλλοι
1687 1338 1776 1391 καὶ
1798 1332 1826 1390 ὁ
1848 1342 1941 1404 τῆς

269 1419 517 1488 Μήτιδος
546 1418 666 1483 υίὸς
686 1418 884 1517 Πόρος.
944 1416 1126 1488 ἐπειδὴ
1160 1419 1218 1473 δε
1247 1420 1602 1517 ἐδείπνησαν,
1643 1418 1942 1521 προσαιτη-

269 1516 445 1555 σουσα
482 1505 602 1555 οἱον
637 1497 702 1569 δὴ
738 1497 965 1569 εὐωχίας
998 1497 1165 1571 ούσης
1196 1498 1420 1570 ἀφίκετο
1450 1498 1482 1571 ἡ
1512 1504 1685 1558 Πενια
1699 1542 1712 1569 ,
1752 1501 1842 1554 καὶ
1870 1493 1942 1569 ἦν

267 1583 389 1651 περὶ
417 1579 512 1678 τὰς
544 1580 741 1651 θύρας.
800 1578 828 1636 ὁ
862 1585 966 1636 ούν
994 1582 1178 1652 Πόρος
1207 1583 1511 1653 μεθυσθεὶς
1542 1589 1642 1638 τοῦ
1661 1583 1951 1651 νέκταρος,“
2013 1610 2016 1615 ·

203 1675 205 1677 ’
268 1662 416 1727 οἶνος
434 1663 540 1734 γὰρ
560 1661 715 1718 οὔπω
732 1657 829 1734 ἦν,
871 1669 947 1729 εἰς
965 1664 1064 1719 τὸν
1082 1670 1184 1719 τοῦ
1201 1662 1337 1728 Διὸς
1356 1671 1536 1735 κῆπον
1555 1662 1828 1719 εἰσελθών
1848 1669 1934 1736 βε-

269 1746 577 1816 βαρημένος
609 1739 795 1815 ηὗδε-ν.
854 1743 886 1816 ἡ
923 1740 1030 1801 οὖν
1049 1751 1221 1802 Πενία
1253 1744 1690 1819 ἐπιβουλεύουσα
1719 1743 1808 1800 διὰ
1840 1744 1942 1815 τὴν
2013 1810 2016 1816 .

203 1834 235 1877 C
273 1824 441 1896 αὐτῆς
460 1824 697 1896 ἀπορίαν
716 1830 938 1881 παιδίον
957 1827 1296 1898 ποιήσασθαι
1315 1830 1375 1884 ἐκ
1395 1834 1497 1883 τοῦ
1514 1828 1708 1897 Πόρου
1721 1870 1734 1896 ,
1774 1850 1941 1882 κατα-

270 1911 516 1961 κλίνεταί
539 1928 595 1961 τε
615 1904 746 1976 παρ’
770 1906 919 1979 αὐτῷ
938 1909 1028 1962 καὶ
1048 1909 1245 1978 ἐκύησε
1263 1907 1596 1980 τὸνἼῐρωτα.
1655 1908 1739 1964 διὸ
1765 1907 1831 1979 δὴ
1852 1912 1941 1964 καὶ
2013 1907 2028 1978 ’ξ

270 1994 364 2058 τῆς
389 1985 708 2058 Ἀφροδίτης
737 1986 1052 2053 ἀκόλουθος
1070 1991 1160 2044 καὶ
1179 1990 1446 2059 θεράπων
1466 1992 1695 2060 γέγονεν
1715 1988 1940 2060 ὁἸΕρως,

270 2069 561 2139 γεννηθεὶς
580 2071 639 2124 ἐν
659 2081 771 2134 τοῖς
791 2073 1000 2140 ἐκείνης
1018 2076 1349 2142 γενεθλίοις,
1389 2073 1479 2127 καὶ
1498 2071 1609 2143 ἅμα
1630 2071 1794 2143 φύσει
1813 2075 1941 2143 ἐρα-

272 2147 400 2220 στὴς
421 2146 500 2204 ὢν
517 2152 640 2222 περὶ
659 2151 719 2206 τὸ
741 2151 939 2220 καλόν,
981 2154 1072 2208 καὶ
1092 2159 1186 2223 τῆς
1199 2151 1523 2224 Ἀφροδίτης
1553 2161 1722 2226 καλῆς
1753 2153 1935 2225 οὔσης.

270 2231 363 2288 ἅτε
400 2226 506 2287 οὗν
537 2233 730 2302 Πόρου
760 2236 850 2290 καὶ
876 2241 1079 2300 Πενίας
1117 2233 1229 2307 υίὸς
1259 2231 1338 2290 ὦν
1369 2234 1589 2308 ὁἝρως
1621 2241 1682 2292 ἐν
1714 2237 1940 2309 τοιαύτῃ

271 2313 406 2384 τύχῃ
429 2316 750 2385 καθέστηκε.
809 2321 1030 2386 πρῶτον
1051 2317 1152 2387 μὲν
1171 2320 1338 2388 πένης
1358 2316 1446 2372 ἀεί
1460 2321 1573 2373 ἐστι
1586 2360 1599 2387 ,
1621 2320 1711 2375 καὶ
1731 2325 1939 2374 πολλοῦ

271 2398 358 2449 δεῖ
379 2393 585 2460 ἁπαλός
612 2418 669 2451 τε
698 2398 789 2453 καὶ
819 2399 1013 2468 καλός,
1056 2394 1175 2454 οἷον
1211 2402 1268 2455 οί
1300 2401 1491 2455 πολλοὶ
1528 2408 1761 2471 οἴονται,
1801 2399 1934 2456 ἀλλα

198 2485 232 2529 D
269 2474 504 2575 σκληρὸς
522 2480 613 2532 καὶ
632 2478 907 2583 αὐχμηρὸς
927 2482 1017 2536 καὶ
1041 2480 1387 2553 ἀνυπόδητος
1406 2486 1495 2537 καὶ
1517 2481 1719 2552 ἄοικος,
1744 2504 1938 2554 χαμαι-
1992 2510 2004 2566 5ss

269 2556 431 2628 πετὴς
449 2555 533 2614 ἀει
556 2581 635 2614 ων
655 2562 743 2615 καὶ
765 2561 1065 2633 ἄστρωτος,
1087 2565 1173 2619 ἐπὶ
1195 2563 1399 2662 θύραις
1419 2565 1508 2619 καὶ
1527 2566 1587 2620 ἐν
1606 2562 1751 2629 ὁδοῖς
1771 2561 1939 2620 υπαί-
1990 2566 2007 2613 ff

270 2646 432 2707 θριος
460 2661 827 2713 κοιμωμενος,
868 2643 971 2715 τὴν
997 2651 1091 2715 τῆς
1122 2643 1325 2716 μητρὸς
1345 2646 1519 2717 φύσιν
1539 2651 1703 2717 ἔχων,
1743 2644 1825 2702 ἀεὶ
1846 2650 1937 2702 ἐν·
1994 2708 1998 2714 r

271 2722 388 2792 δεία
408 2718 671 2786 ξύνοικος.
714 2724 851 2778 κατά
873 2725 930 2780 δὲ
950 2729 1022 2780 αὐ
1044 2725 1142 2783 τὸν
1165 2731 1370 2797 πατέρα
1389 2728 1677 2798 ἐπίβουλός
1697 2731 1806 2782 ἐστι
1825 2741 1935 2794 τοῖς

266 2806 450 2864 καλοῖς
463 2803 550 2855 καὶ
567 2814 678 2867 τοῖς
691 2801 939 2874 αγαθοῖς,
954 2804 1251 2877 ἀνδρεῖος
1219 2830 1298 2863 ων
1311 2810 1401 2863 καὶ
1418 2816 1444 2862 ἰ
1440 2829 1531 2877 της
1544 2809 1632 2862 καὶ
1651 2808 1818 2863 σύντο
1828 2831 1934 2878 νος,
1996 2831 2006 2864 :²
