2028 3198
715 116 1112 166 ΦΙΛΗΒΟΣ.
1674 113 1745 164 99

58 251 331 318 δοξάζειν,
368 252 430 306 ἐν
461 248 659 314 λύπαις
688 246 739 303 δ’
772 246 879 315 ἄρα
911 250 1002 303 καὶ
1031 246 1258 319 ἡδοναῖς
1278 246 1383 304 οὐκ
1403 252 1516 306 ἔστι
1537 245 1743 303 ταύτὸν

58 340 220 388 τοῦτο
241 331 604 402 γιγνόμενονς

195 421 364 471 ΠΡΩ.
417 412 576 470 Πολύ
596 411 697 484 μὲν
716 406 823 468 οὖν
842 418 1080 483 μᾶλλον,
1103 405 1147 467 αἶ
1165 413 1474 481 Σώκρατες.

196 503 322 553 ΣΩ.
373 495 654 551 Ἐναντίον
683 493 749 566 δὴ
773 495 832 550 τὸ
866 500 973 550 νῦν
991 502 1068 567 τῷ
1088 494 1326 565 σμικρὸν
1347 501 1630 567 ἔμπροσθε
1648 499 1743 567 γε’-

4 570 11 580 ’
57 601 235 651 γονεν.

194 668 365 719 ΠΡΩ.
430 661 504 719 Τὸ
526 673 688 718 ποῖον
707 666 905 732 λέγεις;

197 752 322 802 ΣΩ.
384 747 522 802 Τότε
542 749 643 816 μὲν
663 749 724 800 αἱ
740 745 891 810 δόξαι
910 747 1130 810 ψευδεῖς
1148 765 1207 799 τε
1227 745 1319 799 καὶ
1337 743 1564 814 ἀληθεῖς
1584 742 1743 799 αὐταὶ

55 830 379 899 γιγνόμεναι
407 829 505 893 τὰς
523 829 703 892 λύπας
730 848 788 882 τε
808 829 897 882 καὶ
917 826 1123 898 ἡδονὰς
1141 826 1255 898 ἅμα
1274 833 1375 882 τοῦ
1398 825 1532 896 παρ’
1555 824 1745 890 αὐταῖς
1801 861 1805 866 -

0 919 2 997 ᾗ
55 911 381 980 παθήματος
400 909 836 981 ἀνεπίμπλασαν.

0 999 2 1015 ¹
194 998 362 1048 JzPsz.
415 992 794 1063 Ἀληθέστατα.
1772 1002 1804 1042 Β

194 1081 318 1131 ΣΩ.
373 1082 505 1131 Νῦν
524 1080 589 1131 δέ
602 1098 664 1147 γε
685 1075 845 1130 αὐταὶ
866 1072 955 1130 διὰ
975 1072 1036 1130 τὸ
1068 1074 1370 1144 πόρρωθέν
1389 1096 1444 1129 τε
1465 1075 1555 1129 καὶ
1576 1072 1743 1143 ἐγγύ-

52 1166 161 1214 θεν
189 1158 442 1214 ἑκάστοτε
471 1159 943 1230 μεταβαλλόμεναι
960 1164 1328 1227 θεωρεῖσθαι,
1349 1158 1439 1211 καὶ
1456 1154 1567 1226 ἅμα
1588 1156 1742 1210 τιθέ-

0 1193 19 1397 ¹!
53 1261 213 1310 μεναι
233 1260 343 1307 παρ
355 1239 654 1311 ’ἀλλήλας,
688 1245 748 1295 αἱ
767 1240 868 1311 μὲν
886 1239 1078 1312 ἡδοναὶ
1098 1240 1246 1308 παρὰ
1265 1239 1327 1295 vd
1349 1238 1602 1311 λυπηρὸν
1621 1245 1740 1310 μεί-

54 1329 180 1388 ζους
199 1329 493 1392 φαίνονται
513 1325 603 1378 καὶ
624 1323 1021 1392 σφοδρότεραι,
1051 1328 1220 1377 λῦπαι
1240 1321 1293 1376 δ’
1314 1317 1387 1377 αὖ
1407 1321 1497 1378 διὰ
1517 1320 1579 1378 τὸ
1601 1319 1737 1389 παρ’

0 1420 19 1445 v
54 1402 259 1475 ἡδονὰς
276 1403 606 1460 τούναντίον
621 1407 868 1469 ἐκείναις.

191 1493 364 1543 ΠΡΩ.
416 1485 654 1558 Ἀνάγκη
673 1494 963 1557 γίγνεσθαι
983 1486 1047 1541 τὰ
1065 1492 1292 1541 τοιαῦτα
1315 1484 1404 1541 δια
1423 1491 1612 1541 ταῦτα.

194 1575 319 1624 ΣΩ.
376 1567 607 1624 Οὐκοῦν
630 1568 744 1643 ὅσῳ
775 1575 989 1639 μειζους
1010 1576 1123 1624 τῶν
1152 1568 1338 1624 οὐσῶν
1367 1568 1613 1636 ἑκάτεραι
1647 1569 1739 1624 καὶ

52 1651 314 1716 ἐλάττους
346 1657 668 1722 φαίνονται,
719 1657 883 1706 τοῦτο
920 1651 1328 1723 ἀποτεμόμενος
1363 1653 1637 1721 ἑκατέρων
1673 1651 1734 1706 τὸ

21 1734 424 1804 ,φαινόμενον,
462 1730 586 1789 ἀλλ’
621 1732 724 1789 ούκ
753 1732 848 1801 ὅν,
881 1733 1009 1789 οὔτε
1032 1733 1166 1789 αύτὸ
1189 1733 1377 1803 ὀρθῶς
1396 1734 1739 1805 φαινόμενον
1771 1747 1802 1788 C

52 1821 217 1886 ἐρεῖς,
258 1814 382 1871 οὐδ’
412 1810 487 1871 αὖ
522 1816 652 1872 ποτὲ
690 1816 750 1870 τό
781 1818 866 1871 ἐπὶ
896 1818 1075 1891 τούτῳ
1105 1822 1272 1889 μέρος
1300 1823 1398 1888 τῆς
1426 1815 1631 1888 ἡδονῆς
1649 1818 1739 1872 καὶ

24 1958 26 1963 ,
53 1899 232 1969 λύπης
257 1898 592 1970 γνγνόμενον
610 1897 793 1967 ὀρθόν
814 1919 871 1954 τε
891 1900 981 1955 καὶ
1011 1896 1217 1970 ἀληθὲς
1235 1898 1523 1970 τολμήσεις
1542 1901 1736 1968 λέγειν.

190 1985 360 2037 ΠΡΩ.
420 1981 508 2037 Ού
523 1980 631 2052 γὰρ
651 1975 772 2037 οὖν.

191 2067 315 2119 ΣΩ.
379 2064 610 2119 Τούτων
626 2070 820 2121 τοίνυν
849 2066 968 2134 ἑξῆς
986 2060 1260 2134 ὀψόμεθα,
1291 2061 1390 2118 ἐαν
1407 2066 1536 2136 τῇδε
1557 2061 1739 2117 ἀπαν-

12 2131 233 2243 ζτῶμεν
269 2143 476 2216 ἡδονὰς
511 2147 596 2202 καὶ
637 2147 815 2211 λύπας
850 2148 1070 2211 ψευδεῖς
1108 2152 1185 2200 ἔτι
1222 2151 1435 2215 μᾶλλον
1464 2142 1500 2216 ἢ
1537 2146 1740 2209 ταύτας

24 2220 394 2298 φαινομένας
410 2248 469 2283 τε
487 2229 578 2283 καὶ
597 2227 769 2294 οὔσας
789 2231 849 2284 ἐν
866 2239 979 2292 τοῖς
998 2227 1166 2293 ζωοις.

190 2314 358 2366 ΠΡΩ.
410 2315 584 2375 Ποίας
603 2309 670 2381 δὴ
691 2314 779 2366 καὶ
802 2316 918 2374 παῖς
934 2311 1133 2378 λέγεις;

196 2396 373 2447 XXVI.
430 2397 556 2447 ΣΩ.
611 2397 846 2462 Εἴρηταί
869 2412 979 2446 που
999 2390 1278 2461 πολλάκις,
1298 2389 1384 2447 ὅτι
1402 2397 1497 2463 τῆς
1515 2393 1737 2463 φύσεως

18 2500 26 2527 ·.
51 2473 299 2528 ἑκάστων
330 2475 795 2542 διαφθειρομένης
817 2473 918 2542 μὲν
950 2481 1266 2543 συγκρίσεσι
1302 2475 1394 2531 καὶ
1434 2479 1736 2546 διακρίσεσι

20 2555 142 2619 ;,καὶ
171 2553 483 2624 πληρώσεσι
512 2554 603 2610 καὶ
631 2554 895 2610 κενώσεσι
915 2561 1010 2611 καί
1025 2574 1166 2612 τισιν
1185 2556 1376 2623 αὔξαις
1395 2559 1486 2614 καὶ
1506 2563 1734 2628 φθίσεσι
1765 2572 1799 2611 D

19 2638 226 2713 .-’λῦπαί
258 2657 314 2691 τε
351 2636 439 2690 καὶ
477 2633 780 2706 ἀλγηδόνες
815 2637 906 2692 καὶ
941 2635 1140 2693 ὀδύναι
1174 2642 1264 2694 καὶ
1302 2638 1480 2696 πάνθ’
1498 2681 1514 2711 ,
1557 2638 1735 2695 ὁπόσα

0 2782 2 2790 y
28 2715 264 2786 ,τοιαῦτ’
285 2715 513 2787 ὀνόματ’
536 2724 641 2788 ἔχει
655 2762 667 2783 ,
690 2722 972 2791 ξυμβαίνει
993 2719 1308 2791 γνγνόμενα.

0 2794 1 2809 ’
33 2796 46 2837 ³
193 2805 364 2855 ΠΡΩ.
426 2806 564 2870 Ναί,
586 2807 757 2856 ταῦτα
777 2810 981 2872 εἴρηται
1003 2805 1282 2867 πολλάκις.

1409 2882 1475 2927 7¹0
