2028 3198
581 177 1171 226 ΠΑΡΜΕΝΙΔΗΣ.
1650 172 1716 224 ‘23

36 336 115 385 ys.
155 310 386 371 Οὐκοῦν
403 317 455 369 εί
468 317 574 376 πᾶς
592 307 834 381 α’ριθμὸς
851 307 1044 375 οὐσίας
1061 311 1268 381 μετέχει
1280 351 1295 380 ,
1326 311 1416 366 καὶ
1435 309 1495 366 τὸ
1515 307 1718 380 μόριον

37 398 272 453 ἕκαστον
287 401 391 451 τοῦ
408 392 657 465 ἀριθμοῦ
674 394 885 464 μετέχοι
904 388 976 447 ἄν
995 390 1189 463 αὐτῆς;
1226 397 1352 448 Ναί.

37 562 129 617 καὶ
147 557 379 624 οὐδενὸς
395 556 692 614 ἀποστατεῖ
705 561 821 611 τῶν
838 552 1046 625 ὄντων,
1081 554 1208 610 οὔτε
1229 562 1329 610 τοῦ
1349 556 1718 627 σμικροτάτου

34 642 167 699 οὔτε
184 648 288 697 τοῦ
305 644 597 713 μεγίστους
625 634 662 711 ἦ
680 643 846 693 τοῦτο
865 636 968 708 μὲν
990 637 1080 692 καὶ
1100 635 1307 707 ἄλογον
1325 638 1581 706 ἐρέσθαι;
1601 643 1719 703 πῶς

33 724 143 797 γαρ
162 720 235 779 ἄν
250 721 318 794 δὴ
338 720 501 778 οὐσία
519 742 581 792 γε
600 726 713 776 τῶν
733 718 915 774 ὅντων
931 739 1032 774 του
1062 716 1387 783 ἀποστατοῐ;
1427 718 1716 790 Οὐδαμῶς.

35 803 612 875 Κατακεκερμάτισται
654 799 762 871 ἄρα
794 798 867 865 ὡς
897 797 1019 856 οἷόν
1048 821 1105 855 τε
1134 800 1470 871 σμικρότατα
1501 803 1592 856 καὶ
1620 803 1719 872 μέ·-

37 905 198 960 γιστα
222 888 313 942 καὶ
348 890 636 955 πανταχῶς
669 882 834 952 ὄντα,
870 883 961 938 καὶ
996 885 1313 953 μεμέρισται
1348 882 1575 938 πάντων
1612 883 1720 953 μά-

29 978 222 1037 ·λιστα,
260 970 351 1024 καὶ
382 972 495 1023 ἔστι
522 969 660 1037 μέρη
682 963 962 1035 ἀπέραντα
979 970 1077 1037 τῆς
1095 962 1302 1031 οὐσίας.
1344 965 1491 1037 ’Έχει
1527 964 1718 1031 οὕτως.

34 1058 273 1110 Πλεῖστα
302 1049 413 1118 ἄρα
444 1050 556 1104 ἐστὶ
595 1045 661 1103 τὰ
696 1048 832 1119 μέρη
872 1046 1054 1118 αὐτῆς.
1111 1053 1350 1103 Πλεῖστα
1388 1050 1591 1118 μέντοι.
1655 1054 1723 1103 Τί

38 1128 175 1200 οὖν;
213 1136 326 1189 ἔστι
342 1154 394 1188 τι
412 1129 627 1199 αὐτῶν,
665 1127 698 1185 ὃ
725 1134 838 1185 ἔστι
866 1129 968 1200 μὲν
985 1133 1150 1200 μέρος
1168 1135 1264 1200 τῆς
1283 1126 1505 1199 οὐσίας,
1551 1127 1718 1186 οὐδὲν

30 1219 223 1290 ’μέντοι
241 1218 434 1286 μέρος;
466 1215 575 1269 Καὶ
594 1218 709 1277 πῶς
739 1207 811 1267 ἂν
839 1218 1060 1267 τοιοῦτο
1091 1214 1332 1282 γε’νοιτος
1383 1208 1525 1267 Ἀλλ’
1549 1218 1604 1267 εἴ
1615 1213 1716 1281 πέρ

34 1320 124 1369 γε,
156 1297 332 1368 οἶμαι,
364 1301 538 1365 ἔστιν,
569 1293 782 1365 ἀνάγκη
803 1292 938 1349 αὐτὸ
960 1294 1070 1363 ἀεί,
1102 1295 1315 1365 ἕωσπερ
1337 1289 1409 1349 ἂν
1427 1287 1486 1368 ᾖ,
1509 1295 1571 1350 ἕν
1588 1297 1656 1366 γέ
1670 1317 1720 1350 τι

36 1379 204 1450 εἶναι,
242 1381 416 1450 μηδὲν
445 1377 503 1433 δὲ
533 1374 828 1431 ἀδύνατον.
888 1374 1142 1447 Ἀνάγκη.
1198 1375 1350 1446 Πρὸς
1381 1375 1584 1432 ἅπαντι
1612 1376 1719 1445 ἄρα

34 1462 245 1534 ἑκάστω
274 1466 350 1534 τῷ
381 1465 476 1529 τῆς
500 1456 692 1523 οὐσίας
710 1462 860 1528 μέρει
882 1457 1137 1527 πρόσεστι
1156 1456 1217 1514 τὸ
1248 1459 1337 1527 ἕν,
1370 1456 1473 1514 οὐκ
1494 1456 1715 1514 ἀπολει-

34 1540 285 1614 πόμενον
305 1541 433 1597 οὔτε
452 1542 816 1612 σμικροτέρου
837 1539 963 1595 οὔτε
983 1544 1228 1611 μείζονος
1246 1540 1449 1610 μέρους
1468 1537 1597 1595 οὔτε
1619 1537 1721 1594 ἅλ-

38 1709 178 1772 ἐστί;
215 1713 379 1761 τοῦτο
409 1704 591 1772 ἄθρει.
658 1703 806 1759 Ἀλλ’
837 1703 1028 1774 ἀθρῶ,
1067 1706 1157 1759 καὶ
1177 1702 1292 1772 ὁρῶ
1311 1702 1396 1760 ὅτι
1417 1702 1713 1759 ἀδύνατον.

38 1789 469 1859 Μεμερισμένον
487 1784 614 1857 ἄρα,
637 1794 789 1855 εἰπερ
809 1785 882 1857 μὴ
904 1784 1063 1841 ὅλον·
1088 1784 1269 1850 ἄλλως
1286 1786 1393 1857 γάρ
1415 1806 1526 1842 που
1544 1784 1718 1842 οὐδα-

34 1876 151 1943 μῶς
180 1867 292 1940 ἅμα
326 1868 498 1924 ἅπασι
526 1880 639 1933 τοῖς
666 1875 761 1940 τῆς
792 1866 983 1934 οὐσίας
1009 1870 1197 1939 μέρεσι
1225 1870 1515 1940 παρέσται,
1554 1866 1591 1942 ἢ
1619 1890 1718 1940 με-

31 1952 382 2025 μερισμένον.
419 1956 547 2007 Ναί.
594 1953 702 2007 Καὶ
723 1949 837 2023 μὴν
855 1952 919 2006 τό
942 1972 1003 2020 γε
1022 1950 1282 2022 μεριστὸν
1302 1950 1478 2024 πολλὴ
1499 1949 1714 2022 ἀνάγκη

32 2031 175 2091 εἶναι
210 2039 452 2090 τοσαῦτα
482 2032 692 2105 ὅσαπερ
724 2037 876 2105 μέρη.
930 2032 1180 2105 Ἀνάγκη.
1237 2032 1357 2090 Οὐκ
1397 2031 1487 2103 ἄρ’
1531 2031 1717 2104 ἀληθῆ

30 2114 159 2185 ’ἄρτι
178 2117 452 2187 ἐλέγομεν,
477 2121 727 2186 λέγοντες
748 2114 820 2180 ὡς
841 2124 1066 2172 πλεῖστα
1088 2120 1223 2188 μέρη
1245 2114 1277 2188 ἡ
1300 2113 1462 2171 οὐσία
1484 2137 1717 2187 νενεμη-

33 2200 171 2269 μένη
201 2205 299 2268 εἴη.
337 2194 467 2254 οὐδὲ
497 2196 603 2269 γὰρ
627 2204 795 2254 πλείω
821 2205 922 2254 τοῦ
944 2195 1067 2262 ἑνὸς
1086 2200 1405 2268 νενέμηται,
1444 2194 1566 2253 ἀλλ’
1604 2205 1713 2264 ἴσα,

37 2276 114 2344 ὥς
150 2283 320 2347 ἔοικε,
359 2285 434 2354 τῷ
471 2281 579 2336 ἑνί·
617 2278 744 2336 οὔτε
776 2279 883 2350 γὰρ
912 2278 972 2335 τὸ
1007 2276 1074 2334 ὂν
1104 2284 1205 2335 τοῦ
1224 2277 1347 2344 ἐνὸς
1367 2277 1718 2335 ἀπολείπεται

34 2360 163 2417 οὔτε
183 2359 246 2416 τὸ
271 2364 334 2417 ἓν
352 2369 453 2416 τοῦ
472 2360 656 2428 ὄντος,
695 2361 820 2420 ἀλλ’
853 2365 1184 2428 ἐξισοῦσθον
1202 2358 1291 2417 δύ’
1315 2359 1442 2417 ὄντε
1463 2359 1547 2417 ἀεὶ
1568 2359 1715 2433 παρὰ

36 2441 230 2496 πάντα.
284 2444 651 2500 Παντάπασιν
670 2443 817 2500 οὕτω
839 2451 1106 2514 φαίνεται.
1166 2441 1240 2500 T&
1265 2446 1326 2500 ἓν
1346 2442 1434 2515 ἄρ’
1468 2440 1600 2500 αὐτὰ
1624 2466 1718 2501 κε-

37 2525 472 2593 κερματισμένον
510 2522 619 2580 ὑπὸ
658 2532 754 2597 τῆς
790 2523 980 2591 οὐσίας
1009 2526 1185 2582 πολλοὶ
1218 2547 1275 2582 τε
1303 2529 1393 2582 καὶ
1424 2525 1623 2597 ἄπειρα
1652 2527 1712 2582 τὸ

76 2603 251 2674 λῆθός
285 2605 448 2660 ἐστιν.
504 2610 780 2662 Φαίνεται.
840 2606 926 2664 Οὐ
955 2608 1133 2679 μόνον
1161 2606 1267 2680 ἄρα
1287 2607 1347 2665 τὸ
1370 2604 1437 2665 ὂν
1458 2610 1518 2665 ἓν
1540 2609 1716 2666 πολλοὶ

62 2700 201 2753 στιν,
224 2682 362 2741 ἀλλὰ
384 2687 475 2741 καὶ
495 2683 631 2741 αὐτὸ
655 2686 715 2743 τὸ
736 2690 799 2743 ἓν
819 2685 927 2744 ὑπὸ
948 2697 1050 2745 τοῦ
1067 2688 1228 2756 ὄντος
1248 2691 1715 2762 διανενεμημένον

52 2839 54 2842 y
108 2764 210 2822 λλά
232 2764 446 2839 ἀνάγκη
470 2766 623 2824 εἶναι.
659 2771 988 2828 Παντάπασι
1006 2774 1107 2844 μὲν
1128 2767 1249 2829 οὐν.

40 2883 53 2905 a
177 2853 284 2905 XV.
364 2852 468 2904 Καὶ
499 2850 607 2922 μὴν
639 2850 722 2907 ὅτι
748 2875 809 2923 γε
840 2852 977 2911 ὅλου
1011 2855 1075 2911 τά
1109 2855 1275 2927 μόρια
1313 2857 1508 2927 μόρια,
1547 2875 1720 2912 πεπε-

177 482 313 535 xlv.
377 474 491 531 Ἐπὶ
507 473 689 530 πάντα
710 472 818 542 ἄρα
837 473 1014 529 πολλὰ
1037 472 1170 528 ὄντα
1190 471 1222 545 ἡ
1245 472 1408 530 οὐσία
1431 475 1720 546 νενέμηται
1748 486 1782 527 Β

1752 979 1782 1020 C

37 1632 139 1680 λου
158 1623 405 1689 οὐδενός.
458 1621 666 1687 Οὕτως.
713 1616 844 1690 Ἀρα
863 1615 969 1677 οὐν
987 1624 1049 1677 ἓν
1067 1618 1135 1677 ὂν
1153 1628 1432 1692 πολλαχοῦ
1451 1620 1563 1693 ἅμα
1583 1620 1720 1677 ὅλον
1747 1638 1783 1679 D

1747 2211 1780 2253 E
