2028 3198
607 142 1197 194 HAPMENIAHZ.
1677 137 1741 188 21

0 318 5 354 1
58 290 199 353 ἔστι,
239 286 299 338 τί
329 281 684 352 συμβήσεται.
722 277 918 332 σκόπει
946 271 1082 346 οὖν,
1110 281 1160 332 εἰ
1177 272 1282 331 οὐκ
1301 272 1518 346 ἀνάγκη
1538 271 1748 344 ταύτην

0 364 6 449 j
60 365 163 437 τὴν
198 361 475 420 ὑπόθεσιν
513 367 771 418 τοιοῦτον
810 354 877 414 ὂν
907 356 967 413 τὸ
999 361 1062 413 ἓν
1092 362 1409 429 σημαίνειν,
1452 350 1574 411 οἷον
1608 355 1746 426 μέρη

0 462 5 510 4
58 451 228 516 ἔχειν;
257 450 413 510 Πῶςς
436 438 581 500 Ὧδε.
614 446 666 499 εί
679 439 742 497 τὸ
764 445 880 497 ἔστι
896 446 999 495 τοῦ
1021 437 1144 504 ἑνὸς
1161 438 1322 505 ὅντος
1340 441 1553 509 λέγεται
1571 437 1663 493 καὶ
1679 434 1742 492 τὸ
1775 446 1811 487 D

29 578 41 585 .
61 531 125 583 ἓν
141 534 243 583 τοῦ
262 526 423 591 ὄντος
441 525 591 595 ἑνός,
613 528 726 580 ἔστι
745 523 805 579 δὲ
825 519 893 578 οὐ
914 520 976 577 τὸ
994 519 1131 576 αὐτὸ
1155 519 1192 591 ἥ
1214 542 1271 576 τε
1291 519 1454 576 οὐσία
1472 521 1564 575 καὶ
1585 517 1646 575 τὸ
1669 519 1748 586 ἕν,

59 617 164 666 τοῦ
181 607 358 665 αὐτοῦ
378 610 438 664 δὲ
458 611 696 676 ἐκείνου,
716 598 789 661 οὗ
807 603 1153 675 ὑπεθέμεθα,
1177 609 1280 657 τοῦ
1301 600 1424 667 ἑνὸς
1443 602 1620 671 ὄντος,
1641 594 1750 671 ἆρα

64 690 168 747 οὐκ
198 689 414 762 ἀνάγκη
442 687 504 745 τὸ
537 689 639 760 μὲν
667 687 804 743 ὅλον
824 689 886 742 ἓν
905 681 973 742 ὂν
993 683 1132 740 εἶναι
1152 682 1289 739 αὐτό
1303 726 1317 751 ,
1356 683 1561 739 τούτου
1582 685 1642 739 δὲ
1662 689 1750 753 γίή

66 781 302 844 γνεσθαι
321 772 487 844 μόρια
514 771 578 827 τό
606 791 664 825 τε
694 772 756 825 ἓν
774 770 863 824 καὶ
882 765 944 823 τὸ
967 765 1132 831 εἶναι;
1168 765 1420 837 Ἀνάγκη.
1495 766 1751 834 Πότερον

64 849 171 911 οὖν
202 854 465 924 ἑκάτερον
493 859 607 908 τῶν
636 856 848 923 μορίων
875 849 1092 906 τούτων
1121 847 1319 919 μόριον
1348 847 1525 919 μόνον
1544 862 1749 914 προσε-

66 943 292 1006 ροῦμεν,
313 930 350 1005 ἦ
366 941 469 989 τοῦ
487 933 626 989 ὅλου
645 932 844 1004 μόριον
862 930 926 987 τό
941 952 1004 1001 γε
1023 930 1224 1001 μόριον
1237 930 1610 1008 προσρητέον;
1636 933 1751 982 Τοῦ

63 1017 217 1073 ὅλου.
286 1018 398 1073 Καὶ
425 1014 562 1072 ὅλον
589 1013 699 1083 ἄρα
728 1018 904 1084 ἐστίν,
942 1011 975 1069 ὃ
1003 1009 1074 1068 ἄν
1104 1014 1166 1067 ἓν
1192 1005 1255 1085 ᾖ,
1295 1013 1387 1067 καὶ
1406 1010 1608 1082 μόριον
1627 1014 1751 1082 ἔχει.

64 1099 232 1156 Πάνυ
246 1120 325 1170 γε.
387 1104 459 1154 Τί
473 1092 604 1163 οὖν;
624 1104 739 1153 τῶν
758 1101 969 1168 μορίων
990 1094 1253 1163 ἑκάτερον
1270 1093 1487 1149 τούτων
1506 1098 1610 1149 τοῦ
1629 1091 1754 1155 ἑνὸς

16 1218 20 1222 -
63 1181 254 1252 ὄντος,
290 1181 356 1237 τό
374 1202 432 1236 τε
453 1184 517 1237 ἓν
535 1182 628 1237 καὶ
646 1180 709 1236 τὸ
732 1178 828 1248 ὅν,
868 1172 976 1246 ἆρα
997 1176 1410 1234 ἀπολείπεσθον
1427 1171 1465 1247 ἢ
1483 1172 1544 1230 τὸ
1568 1176 1630 1229 ἓν
1647 1179 1749 1229 τοῦ
1779 1188 1815 1227 Ε

65 1262 205 1320 εἶναι
223 1263 421 1335 μόριον
439 1258 476 1333 ἦ
497 1262 557 1318 τὸ
580 1260 648 1318 ὂν
665 1268 767 1316 τοῦ
797 1260 923 1325 ἑνὸς
952 1263 1178 1331 μορίου;
1220 1257 1341 1314 Οὐκ
1370 1253 1443 1313 ἄν
1475 1264 1573 1328 εἴη.
1630 1255 1752 1311 Πά-

68 1354 158 1401 λιν
174 1344 284 1413 ἅρα
303 1347 526 1401 καὶτῶν
554 1348 765 1415 μορίων
789 1341 1048 1411 ἑκάτερον
1067 1341 1129 1397 τό
1158 1362 1217 1396 τε
1236 1343 1299 1396 ἓν
1318 1349 1455 1410 ἴσχει
1473 1340 1564 1396 καὶ
1582 1333 1643 1394 vd
1665 1337 1749 1407 ὅν,

64 1430 156 1484 καὶ
184 1433 431 1498 γίγνεται
461 1426 523 1481 τὸ
555 1426 840 1495 ἐλάχιστον
859 1426 918 1480 ἐκ
940 1427 1101 1479 δυοῖν
1119 1417 1193 1478 αὖ
1214 1428 1433 1494 μορίοιν
1449 1421 1511 1477 τό
1532 1420 1750 1492 μόριον,

65 1511 158 1566 καὶ
182 1509 319 1565 κατὰ
346 1508 448 1564 τὸν
466 1505 641 1563 αὐτὸν
665 1507 838 1577 λόγον
857 1504 1035 1570 οὕτως
1062 1502 1173 1574 ἀεί,
1214 1502 1246 1560 ὅ
1267 1510 1321 1559 τί
1336 1524 1439 1571 περ
1459 1499 1531 1558 ἂν
1551 1502 1754 1573 μόριον

64 1593 304 1661 γένηται,
324 1590 507 1646 τούτω
526 1587 602 1644 τῶ
622 1595 799 1660 μορίω
821 1586 904 1643 ἀεὶ
932 1596 1092 1657 ἴσχει·
1127 1586 1192 1642 τό
1212 1607 1268 1641 τε
1289 1583 1395 1655 γὰρ
1418 1587 1479 1640 ἓν
1497 1582 1559 1639 τὸ
1582 1579 1650 1639 ὂν
1669 1580 1754 1638 ἀεὶ
1800 1616 1802 1618 v

66 1681 204 1743 ίσχει
241 1675 331 1729 καὶ
359 1672 421 1728 τό
452 1669 522 1727 ὂν
550 1669 613 1727 τὸ
646 1672 732 1726 ἔν’
775 1668 913 1725 ὥστε
945 1667 1160 1738 ἀνάγκη
1191 1665 1280 1723 δύ’
1315 1666 1398 1722 ἀεὶ
1417 1666 1753 1738 γιγνόμενον
1786 1675 1869 1721 143

66 1758 336 1826 μηδέποτε
355 1756 417 1810 ἓν
438 1752 592 1809 εἶναι.
629 1752 961 1809 Παντάπασι
981 1752 1084 1821 μὲν
1105 1743 1225 1806 οὖν.
1268 1746 1499 1805 Οὐκοῦν
1519 1747 1752 1819 ἄπειρον

65 1833 138 1891 ἄν
156 1833 218 1891 τὸ
242 1839 459 1905 πλῆθος
475 1833 624 1890 οὕτω
642 1833 703 1889 τὸ
727 1837 789 1890 ἓν
811 1830 880 1888 ὄν
899 1840 981 1904 εἴη
998 1830 1261 1899 ;”Εοικεν.
1298 1831 1407 1887 ’Ίθι
1429 1829 1495 1902 δὴ
1517 1832 1607 1886 καὶ
1624 1833 1754 1903 τῇδε

64 1923 159 1975 ἔτι.
231 1923 345 1989 Πῇ;
391 1915 600 1982 Οὐσίας
618 1917 803 1988 φαμὲν
822 1918 1063 1987 μετέχειν
1081 1913 1140 1970 τό
1172 1915 1260 1983 ἕν,
1302 1913 1386 1970 διὸ
1410 1917 1586 1977 ἔστιν;
1623 1915 1751 1969 Ναί.

60 1994 172 2056 ’Καὶ
191 1999 281 2056 διὰ
300 2004 475 2055 ταῦτα
493 1996 561 2069 δὴ
581 1996 643 2054 τό
671 2001 734 2054 ἓν
754 1994 822 2053 ὂν
842 1996 1017 2054 πολλὰ
1047 1997 1244 2068 ἐφάνη.
1305 1995 1513 2060 Οὕτως.
1581 1999 1651 2051 Τί
1664 1996 1728 2050 δέ
1737 2018 1749 2058 ;

66 2079 203 2138 αὐτὸ
223 2078 284 2137 τὸ
307 2081 370 2136 ἓν
383 2122 399 2151 ,
419 2078 452 2135 ὃ
470 2080 539 2151 δή
558 2102 745 2152 φαμεν
763 2077 955 2144 οὐσίας
974 2081 1243 2150 μετέχειν,
1265 2076 1364 2133 ἐὰν
1385 2075 1520 2133 αὐτὰ
1542 2082 1608 2150 τῇ
1630 2080 1752 2132 δια-

66 2168 192 2236 νοίᾳ
221 2161 399 2233 μόνον
427 2158 562 2218 καθ’
597 2159 734 2217 αὐτὸ
767 2161 1028 2233 λάβωμεν
1054 2160 1194 2215 ἄνευ
1223 2158 1427 2214 τούτου
1461 2151 1533 2214 οὗ
1568 2156 1753 2228 φαμὲν

64 2249 326 2317 μετέχειν,
346 2238 454 2315 ἆρά
476 2265 538 2314 γε
560 2246 623 2300 ἓν
641 2245 820 2315 μόνον
840 2243 1147 2314 φανήσεται
1162 2236 1200 2310 ἢ
1221 2241 1311 2295 καὶ
1332 2237 1508 2295 πολλοὶ
1528 2236 1588 2295 τὸ
1613 2235 1749 2294 αὐτὸ

63 2330 258 2392 minag
281 2323 407 2393 ’Ἐκ
429 2324 581 2396 οἶμαι
606 2329 792 2395 ἔγωγε.
830 2323 1068 2394 Ἵδωμεν
1089 2320 1180 2392 δή·
1214 2319 1351 2377 ἄλλο
1371 2342 1422 2375 τι
1441 2321 1634 2390 ἕτερον
1651 2318 1754 2390 μὲν
1784 2330 1818 2371 Β

65 2406 282 2477 ἀνάγκη
308 2405 412 2478 τὴν
439 2405 639 2463 οὐσίαν
659 2404 837 2461 αὐτοῦ
867 2405 1035 2474 εἶναι,
1072 2403 1263 2473 ἕτερον
1302 2402 1362 2459 δὲ
1400 2398 1560 2463 αὐτός
1599 2407 1752 2470 εἴπερ

65 2487 140 2559 μὴ
171 2484 336 2542 οὐσία
364 2485 425 2542 τό
460 2488 549 2558 ἓν,
588 2486 711 2544 ἀλλ’
744 2486 816 2553 ὡς
847 2490 909 2543 ἓν
939 2484 1129 2551 οὐσίας
1153 2489 1425 2556 μετέσχεν.
1498 2480 1748 2553 Ἀνάγκη.

66 2564 301 2626 Οὐκοῦν
318 2572 368 2623 εί
384 2567 575 2637 ἕτερον
593 2566 747 2640 μὲνὴ
769 2566 959 2639 οὐσία,
997 2567 1188 2638 ἕτερον
1219 2566 1279 2624 δὲ
1305 2565 1368 2623 τό
1400 2567 1489 2637 ἓν,
1527 2563 1656 2621 οὔτε
1675 2570 1751 2637 τῷ

6 2655 47 2724 34:
66 2654 130 2707 ’ἐν
160 2648 220 2706 τὸ
254 2653 316 2706 ἓν
348 2655 444 2721 τῆς
474 2647 666 2715 οὐσίας
698 2652 892 2720 ἕτερον
920 2649 1047 2706 οὔτε
1076 2657 1155 2724 τῷ
1185 2648 1348 2707 οὐσία
1378 2644 1752 2718 εἶναιὴοὗσία

6 2749 9 2759 '
19 2750 47 2858 ἓ
66 2737 167 2789 τοῦ
187 2730 311 2798 ἑνὸς
329 2730 484 2799 ἄλλο,
505 2728 644 2786 ἀλλὰ
666 2738 744 2805 τῷ
762 2733 927 2806 ἑτέρῳ
945 2753 1002 2789 τε
1022 2734 1112 2789 καὶ
1130 2730 1279 2806 ἄλλῳ
1300 2732 1458 2802 ἕτερα
1477 2727 1749 2799 ἀλλήλων.

23 2812 232 2904 ἵΠάνυ
258 2813 359 2884 μὲν
389 2807 510 2868 οὖν.
573 2811 737 2868 “aare
767 2811 836 2868 οὗ
869 2811 1075 2870 ταύτόν
1106 2817 1255 2870 ἐστιν
1279 2812 1405 2869 οὔτε
1424 2816 1501 2886 τῷ
1522 2810 1604 2866 ἑνὶ
1625 2806 1753 2865 οὔτε

20 2906 39 2926 .

30 2960 39 2980 ι

23 2992 43 3111 ἐ

21 3127 46 3198 2
