2028 3198
271 114 379 166 298
874 113 1343 162 ΠΛΑΤῼΝΟΣ
1893 119 1951 164 28

417 253 540 303 Σῼ.
620 244 934 317 Ἀγανακτῶ
977 243 1115 316 ὑπέρ
1161 266 1218 300 τε
1260 252 1363 300 τοῦ
1410 252 1514 300 σοῦ
1556 248 1645 300 καὶ
1680 251 1780 300 τοῦ
1817 248 1952 316 ε’μοῦ

275 335 488 399 ἔρωτος.

414 417 530 466 ΑΛ.
590 416 658 465 Τί
673 411 767 481 δή;

417 499 541 549 ΣΩ.
597 499 670 549 Εί
693 491 926 564 ἠξίωσας
954 489 1053 546 τὸν
1084 489 1272 561 ἀγῶνά
1293 509 1380 548 σοι
1401 492 1540 548 εἶναι
1559 490 1694 562 πρὸς
1712 512 1842 555 τους
1860 493 1919 546 ἐν

277 576 419 631 θάδε
440 576 794 646 ἀνθρώπους.

416 663 534 713 ΑΛ.
591 654 748 712 Ἀλλά
772 654 908 727 πρὸς
929 661 1078 721 τίνας
1096 656 1232 728 μήν;

416 745 539 796 ΣΩ.
583 738 766 805 ’Ἀξιον
804 739 968 794 τοῦτό
1006 760 1069 809 γε
1106 740 1197 794 καὶ
1228 741 1452 807 ἐρέσθαι
1480 737 1656 807 ἄνδρα
1694 737 1951 807 οἰόμενον

277 823 666 894 μεγαλόφρονα
691 822 843 878 εἶναι.

210 919 245 958 D
415 911 531 961 AA.
587 910 715 967 Πῶς
737 905 933 973 λέγεις;
955 901 1023 957 οὐ
1042 903 1179 971 πρὸς
1198 903 1428 967 τούτους
1447 923 1539 972 μοι
1561 898 1589 957 ὁ
1612 899 1794 970 ἀγών;

417 992 540 1041 ΣΩ.
594 984 751 1040 Ἀλλοὶ
773 982 880 1040 κᾶν
901 990 949 1040 εἰ
964 985 1156 1055 τριήρη
1179 989 1397 1040 διενοοῦ
1418 989 1696 1056 κυβερνᾷν
1717 985 1950 1052 μέλλου-

278 1084 384 1122 σαν
418 1080 745 1138 ναυμαχεῖν,
785 1065 940 1137 ἤρκει
977 1066 1047 1122 ἄν
1076 1084 1161 1122 σοι
1191 1075 1303 1122 τῶν
1331 1071 1662 1122 συνναυτῶν
1690 1069 1949 1137 βελτίστῳ

278 1148 417 1204 εἶναι
437 1148 497 1203 τὰ
522 1150 890 1220 κυβερνητικά
904 1192 919 1219 ,
939 1145 975 1219 ἢ
994 1156 1165 1204 ταῦτα
1183 1149 1283 1220 μὲν
1303 1148 1417 1223 ᾤου
1442 1145 1513 1204 ἂν
1534 1152 1649 1203 δεῖν
1669 1146 1949 1217 ὑπάρχειν,

277 1229 576 1302 ἀπέβλεπες
598 1235 629 1286 δ
641 1230 658 1250 ”
683 1228 753 1286 ἄν
773 1236 848 1295 εἰς
867 1230 995 1296 τοὺς
1012 1229 1085 1295 ὡς
1106 1229 1331 1302 ἀληθῶς
1351 1229 1788 1301 ἀνταγωνιστάς,
1827 1226 1947 1284 ἀλλ’

279 1312 380 1383 οὐχ
401 1311 472 1377 ὡς
492 1320 598 1368 νῦν
619 1319 694 1378 εἰς
710 1313 839 1377 τοὺς
868 1314 1308 1384 συναγωνιστάς;
1350 1307 1429 1369 οἷν
1461 1314 1640 1384 δήπου
1670 1315 1950 1383 περιγενέ-

277 1403 412 1449 σθαι
442 1412 502 1450 σε
534 1399 618 1450 δεῖ
641 1402 934 1465 τοσοῦτον,
975 1394 1112 1450 ὥστε
1142 1396 1213 1467 μὴ
1246 1396 1438 1462 ἀξιοῦν
1465 1395 1948 1467 ἀνταγωνίζεσθαι.

214 1493 248 1532 E
281 1476 416 1534 ἀλλὰ
455 1481 980 1548 καταφρονηθέντας
1018 1483 1493 1548 συναγωνίζεσθαί
1524 1494 1610 1532 σοι
1647 1475 1785 1547 πρὸς
1820 1475 1950 1540 τοὺς

275 1566 594 1630 πολεμίους,
633 1564 683 1615 εί
707 1558 772 1630 δὴ
793 1566 869 1633 τῷ
890 1558 1007 1614 ὄντι
1027 1581 1088 1630 γε
1115 1560 1286 1615 καλόν
1304 1582 1355 1614 τι
1375 1564 1536 1629 ἔργον
1555 1557 1946 1624 ἀποδείξασθαι

277 1646 489 1697 διανοεῖ
502 1644 592 1697 καὶ
612 1641 768 1708 ἄξιον
788 1649 997 1696 σαυτοῦ
1015 1665 1070 1697 τε
1090 1644 1178 1698 καὶ
1197 1649 1290 1712 τῆς
1311 1642 1533 1705 πόλεως.

414 1731 529 1778 ΑΛ.
577 1722 738 1779 Ἀλλά
759 1727 860 1794 μὲν
882 1723 946 1795 δὴ
970 1729 1301 1795 διανοοῦμαί
1315 1746 1392 1794 γε.

416 1810 538 1860 ΣΩ.
595 1806 759 1860 Πάνυ
780 1824 865 1861 σοι
884 1807 990 1874 ἄρα
1009 1806 1163 1872 ἄξιον
1186 1805 1435 1879 ἀγαπᾷν,
1476 1809 1526 1859 εἰ
1547 1811 1659 1859 τῶν
1686 1821 1949 1873 στρατιω-

276 1891 355 1939 τῶ
360 1908 391 1940 ν
410 1891 640 1956 βελτίων
661 1886 723 1954 εἶ,
746 1885 865 1942 ἀλλ’
892 1886 959 1942 οὐ
979 1887 1116 1954 πρὸς
1136 1889 1264 1952 τούς
1283 1895 1395 1943 τῶν
1413 1886 1728 1942 ἀντιπάλων
1746 1885 1950 1956 ἡγεμό-

275 1990 374 2031 νας
411 1967 769 2039 ἀποβλέπειν,
808 1967 971 2025 ὁπότε
1008 1972 1232 2024 ἐκείνων
1271 1974 1500 2039 βελτίων
1535 1973 1777 2038 γέγονας,
1817 1985 1949 2022 σκο-

276 2057 489 2104 ποῦντα
510 2052 601 2105 καὶ
621 2048 898 2105 ἀσκοῦντα
921 2049 1058 2119 πρὸς
1077 2053 1334 2114 ἐκείνους.

130 2145 247 2191 ··;,ῗ)«0
413 2138 531 2187 ΑΛ.
588 2134 780 2203 Λέγεις
800 2133 858 2188 δὲ
878 2138 1029 2196 τίνας
1048 2132 1302 2202 τούτους,
1327 2127 1370 2187 αἶ
1391 2132 1711 2202 Σώκρατεςς

415 2219 538 2269 Σῼ.
599 2212 718 2270 Οὐκ
739 2213 904 2270 οἶσθα
933 2213 1091 2284 ἡμῶν
1117 2212 1218 2284 τὴν
1238 2214 1401 2270 πόλιν
1416 2218 1873 2283 Λακεδαιμονίοις
1891 2234 1947 2268 τε

275 2297 460 2370 καὶτῷ
479 2299 696 2371 μεγάλῳ
718 2303 935 2368 βασιλεῖ
949 2303 1302 2366 πολεμοῦσαν
1323 2296 1604 2363 ἑκάστοτες

371 2397 373 2399 ·
415 2383 533 2433 ΑΛ.
585 2377 795 2450 Ἀληθῆ
813 2382 999 2448 λέγεις.
1099 2374 1103 2378 ”

414 2466 548 2517 XVI.
620 2466 744 2515 ΣΩ.
803 2458 1031 2515 Οὐκοῦν
1060 2469 1210 2530 εἴπερ
1243 2464 1302 2516 ἐν
1319 2466 1399 2533 νῷ
1421 2465 1555 2530 ἔχεις
1573 2458 1792 2531 ἡγεμών
1811 2459 1946 2515 εἶναι

276 2545 437 2611 τῆσδε
456 2547 550 2612 τῆς
569 2542 777 2605 πόλεως
791 2584 804 2611 ,
827 2541 963 2611 πρὸς
983 2541 1112 2607 τούς
1129 2546 1583 2612 Λακεδαιμονίων
1602 2549 1837 2613 βασιλεῖς
1855 2543 1944 2596 καὶ

272 2621 401 2686 τοὺς
428 2630 663 2693 Περσων
693 2620 793 2676 τὸν
823 2621 1011 2691 ἀγῶνα
1040 2621 1348 2695 ἡγούμενός
1377 2642 1464 2680 σοι
1494 2624 1632 2680 εἶναι
1662 2623 1845 2691 ὀρθῶς
1873 2620 1945 2678 ἂν

272 2715 453 2773 ηνοῖο;

411 2794 527 2843 ΑΛ.
583 2787 946 2851 Κινδυνεύεις
965 2787 1146 2858 ἀληθῆ
1168 2792 1363 2857 λέγειν.
