2028 3198
253 113 359 165 342
429 83 441 86 “
582 116 1129 163 ΑΛΚΙΒΙΑΔΗΣ
1170 79 1654 179 ΔΕΥΤΕΡοΣζ
1883 124 1939 170 72

144 261 224 306 149
252 254 462 319 λοῦμεν
488 247 737 318 χρήματα
768 244 872 302 ὅσα
903 243 1030 301 οὐδ’
1063 249 1120 302 οί
1147 245 1304 303 ἄλλοι
1324 245 1630 317 ξύμπαντες
1655 247 1937 322 Ἕλληνες·
2008 247 2010 249 ’

250 334 707 401 Λακεδαιμονίοις
736 333 823 398 δέ,
863 330 1064 400 φάναι,
1105 327 1454 385 οὐδεπώποτ’
1487 333 1748 402 ἐμέλησεν
1775 331 1940 391 οὐδὲν

251 414 494 484 τούτων,
546 411 671 468 ἀλλ’
722 410 900 477 οὕτως
952 410 1235 482 ὀλιγώρως
1286 414 1588 470 διάκεινται
1634 415 1774 486 πρὸς
1809 415 1940 482 τοὺς
2008 479 2014 485 N

251 496 450 565 θεούς,
491 493 630 551 ὥστε
669 498 758 551 καὶ
794 494 1055 566 ἀνάπηρα
1083 494 1330 550 θύουσιν
1359 497 1615 552 ἑκάστοτε
1645 500 1734 553 καὶ
1768 493 1939 555 τᾶλλα

250 578 433 634 πάντα
464 576 566 634 οὐκ
597 578 762 651 ὀλίγῳ
795 580 1154 647 ἐνδεεστέρως
1180 586 1409 649 τιμῶσιν
1429 577 1569 652 ἤπερ
1588 578 1767 651 ἡμεῖς,
1803 583 1940 653 χρή-

251 683 394 732 ματα
413 660 581 718 οὐδὲν
598 661 804 717 ἐλάττω
821 664 1141 732 κεκτημένοι
1161 668 1255 732 τῆς
1278 659 1542 732 ἡμετέρας
1572 663 1795 727 πόλεως.
1825 665 1939 719 ἐπεὶ

248 742 318 815 ,δὴ
352 748 627 815 εἰρηκέναι
655 749 829 798 ταῦτα
860 746 952 798 καὶ
984 746 1352 814 ἐπερωτῆσαι,
1388 750 1444 800 τί
1465 745 1567 817 χρὴ
1599 747 1938 816 πράττοντας

246 825 456 891 ἀὐτούς
491 834 603 882 τῶν
642 826 938 897 παρόντων
974 834 1164 881 κακῶν
1198 825 1525 898 ἀπαλλαγὴν
1549 826 1759 899 εὑρεῖν,
1802 828 1936 886 ἄλλο

189 929 223 968 Β
255 910 355 981 μὲν
375 907 551 967 οὐθὲν
583 907 959 981 ἀποκριθῆναι
982 908 1082 965 τὸν
1110 910 1404 981 προφήτην
1439 945 1488 953 -
1518 909 1614 967 τὸν
1653 910 1760 982 γάρ
1798 912 1940 969 θεὸν

249 992 355 1049 οὐκ
394 996 491 1067 έᾷν
530 997 701 1064 δῆλον
736 991 821 1048 ὅτι
847 1027 917 1036 -
945 994 1252 1049 καλέσαντα
1283 994 1342 1048 δὲ
1372 992 1571 1065 αὐτόν,
1605 993 1936 1067 Ἀθηναίοις,

250 1077 453 1148 φάναι,
475 1075 602 1131 τάδε
624 1078 768 1146 λέγει
778 1074 1003 1145 ’Ἀμμων
1018 1096 1028 1106 ·
1059 1076 1227 1146 φησὶν
1246 1072 1319 1131 ἀν
1336 1077 1646 1148 βούλεσθαι
1666 1075 1816 1151 αὐτῷ
1836 1077 1937 1149 τὴν

246 1164 705 1230 Λακεδαιμονίων
744 1156 1023 1228 εὐφημίαν
1060 1157 1202 1213 εἶναι
1238 1165 1452 1229 μᾶλλον
1491 1156 1528 1230 ἦ
1555 1159 1622 1215 τά
1652 1161 1936 1230 ξύμπαντα

248 1241 648 1314 τῶνἙλλήνων
669 1241 804 1311 ἱερά.
828 1246 1069 1296 τοσαῦτα
1087 1247 1275 1312 εἰπεῖν,
1299 1240 1481 1297 οὐκέτι
1496 1246 1814 1314 περαιτέρω.
1836 1243 1937 1314 τήν

249 1324 304 1397 γ’
338 1319 444 1381 οὖν
475 1323 756 1395 εὐφημίαν
784 1322 888 1380 οὐκ
919 1322 1093 1394 ἄλλην
1124 1324 1248 1380 τινά
1267 1347 1360 1395 μοι
1380 1328 1532 1380 δοκεῖ
1551 1328 1735 1396 λέγειν
1755 1323 1783 1380 ὁ
1805 1325 1938 1390 θεὸς

246 1405 284 1479 ἢ
302 1408 405 1479 τὴν
439 1406 610 1479 εὐχὴν
632 1405 843 1463 αὐτῶν·
886 1411 998 1462 ἔστι
1027 1405 1134 1476 γάρ
1164 1413 1239 1479 τῷ
1273 1406 1392 1461 ὄντι
1422 1405 1565 1462 πολὺ
1598 1410 1935 1477 διαφέρουσα

189 1507 222 1548 G
252 1497 364 1546 τῶν
383 1490 583 1546 ἄλλων.
624 1494 679 1546 oc
705 1490 806 1561 μὲν
824 1488 932 1561 γάρ
953 1488 1374 1560 ἄλλοιἝλληνες
1398 1491 1567 1559 οἱμὲν
1584 1491 1934 1560 χρυσόκερως

249 1580 387 1646 βοῦς
414 1574 924 1644 παραστησάμενοι,
963 1575 1137 1640 ἕτεροι
1167 1568 1219 1627 δ’
1252 1569 1573 1641 ἀναθήμασι
1594 1571 1937 1642 ὁωρούμενοι

248 1654 379 1720 τοὺς
398 1657 587 1727 θεούς,
611 1655 867 1727 εὔχονται
885 1653 1004 1711 ἅττ’
1028 1651 1100 1710 ἂν
1119 1654 1253 1726 τύχῃ
1276 1660 1465 1718 ταῦτα,
1489 1650 1560 1708 ἂν
1579 1676 1636 1710 τε
1656 1653 1843 1724 ἀγαθὰ
1865 1653 1934 1709 ἄν

248 1762 306 1795 τε
327 1740 497 1795 κακά·
537 1740 1021 1810 βλασφημούντων
1051 1732 1155 1793 οὖν
1186 1734 1373 1792 αὐτῶν
1401 1735 1703 1801 ἀκούοντες
1733 1740 1790 1792 οἱ
1813 1738 1936 1793 θεοὶ

250 1820 353 1878 οὐκ
385 1820 748 1891 ἀποδέχονται
776 1820 872 1886 τὰς
902 1829 1216 1886 πολυτελεῖς
1244 1822 1474 1875 ταυτασὶ
1503 1820 1724 1890 πομπάς
1751 1842 1808 1874 τε
1847 1821 1935 1875 καὶ

248 1909 466 1968 θυσίας.
505 1902 641 1958 ἀλλὰ
664 1907 819 1958 δοκεῖ
843 1925 936 1972 μοι
964 1910 1167 1974 πολλῆς
1190 1911 1439 1974 φυλακῆς
1462 1907 1680 1958 δεῖσθαι
1699 1904 1937 1967 καὶσκέ-

250 2000 394 2053 ψεως
408 2030 420 2054 ,
448 1985 481 2041 ὅ
499 1991 555 2041 τί
569 2006 700 2041 ποτε
720 1987 917 2055 ῥητέον
936 1988 1044 2039 ἐστὶ
1065 1987 1156 2039 καὶ
1173 1986 1263 2056 μή.

390 2073 522 2125 ΧΙΙΙ.
591 2065 864 2140 Εὑρήσεις
903 2069 962 2125 δὲ
998 2069 1088 2123 καὶ
1130 2067 1264 2136 παρ’
1306 2066 1521 2141 Ὁμήρῳ
1561 2069 1718 2138 ἕτερα
1755 2087 1936 2135 παρα-

180 2172 216 2214 D
252 2153 453 2223 πλήσια
484 2152 698 2215 τούτοις
730 2154 1001 2222 εἰρημένα.
1042 2151 1175 2220 φησὶ
1203 2147 1310 2220 γάρ
1342 2149 1471 2215 τοὺς
1495 2157 1686 2220 Τρῶας
1706 2155 1937 2205 ἔπαυλιν

253 2236 619 2306 ποιουμένους

392 2320 575 2385 ἕρδειν
596 2315 926 2387 ἀθανάτοισι
950 2319 1240 2386 τεληέσσας
1261 2316 1564 2387 ἑκατόμβας
1579 2338 1590 2348 ·
2024 2386 2028 2392 .

251 2400 354 2474 τὴν
374 2402 434 2457 δὲ
460 2412 658 2455 κνῖσαν
688 2401 748 2454 ἐκ
781 2405 883 2454 τοῦ
902 2403 1095 2453 πεδίου
1116 2397 1247 2462 τοὺς
1276 2397 1515 2467 ἀνέμους
1544 2400 1735 2467 φέρειν
1764 2394 1940 2466 ούρα-
2023 2393 2028 2459 ἔ

250 2486 353 2541 νὸν
374 2493 503 2540 εἴσω
2020 2468 2028 2544 j

391 2566 583 2638 ἡδεῖαν
598 2588 608 2598 ·
630 2573 725 2636 τῆς
747 2564 798 2619 δ’
826 2564 894 2620 οὔ
911 2587 961 2619 τι
981 2563 1153 2628 θεοὺς
1172 2564 1421 2635 μάκαρας
1442 2566 1761 2630 δατέεσθαι,
2025 2551 2028 2561 ⁴

395 2646 517 2704 οὐδ’
543 2651 779 2704 ἐθέλειν·
802 2647 946 2717 μάλα
968 2647 1073 2717 γάρ
1095 2664 1231 2715 σφιν
1251 2643 1531 2715 ἀπήχθετο
1548 2643 1714 2707 Ἴλιος
1737 2643 1827 2712 ίρή

190 2749 219 2787 {3
395 2732 486 2786 καὶ
504 2737 753 2802 Πρίαμος
772 2732 863 2785 καὶ
883 2729 1014 2794 λαὸς
1035 2733 1305 2798 ἐϋμμελίω
1325 2726 1621 2797 Πριάμοιο·

256 2811 395 2866 ὥστε
416 2810 583 2866 οὐδὲν
603 2809 787 2875 αὐτοῖς
806 2805 878 2882 ἦν
907 2809 1196 2881 προῦργου
1215 2810 1382 2865 θύειν
1401 2831 1458 2863 τε
1479 2810 1568 2863 καὶ
1589 2811 1739 2876 δῶρα
1759 2813 1930 2862 τελεῑι
