2028 3198
312 118 416 168 302
911 113 1388 161 ΠΛΑΤΩΝΟΣ
1923 121 1987 164 32

314 252 404 307 καὶ
423 249 618 320 μύρων
635 244 870 316 ἀλοιφὰς
894 247 984 300 καὶ
1003 245 1369 314 θεραπόντων
1382 246 1636 317 πλήθους
1648 244 1984 310 ἀκολουθίας

315 333 417 403 τήν
442 353 498 386 τε
519 330 692 400 ἀλλην
713 327 990 399 ἁβρότητα
1010 326 1114 399 τὴν
1131 333 1395 396 Περσῶν,
1434 333 1787 398 αἰσχυνθείης
1810 328 1879 383 ἀν
1897 330 1984 383 ε’πὶ

315 419 555 487 σεαυτῷ,
577 411 986 482 αἰσθανόμενος
1007 409 1144 467 ὅσον
1164 407 1349 464 αὐτῶν
1370 411 1642 474 ἐλλείπεις.

453 501 630 552 XVIII.
706 499 778 550 Εί
808 492 857 549 δ’
882 488 953 548 αὖ
986 492 1267 563 ἐθελήσεις
1295 496 1370 556 εἰς
1399 493 1774 563 σωφροσύνην
1802 515 1860 547 τε
1895 494 1985 546 καὶ

316 579 648 650 κοσμιότητα
671 578 978 647 ἀποβλέψαι
990 579 1078 630 καὶ
1097 573 1378 644 εὐχέρειαν
1396 575 1487 629 καὶ
1505 571 1762 629 εὐκολίαν
1781 575 1868 628 καὶ
1888 594 1984 643 με-

315 660 750 733 γαλοφροσύνην
777 661 868 715 καὶ
899 657 1153 723 εὐταξίαν
1182 660 1270 711 καὶ
1294 654 1554 725 ἀνδρείαν
1577 657 1667 711 καὶ
1691 661 1983 726 καρτερίαν

316 746 404 800 καὶ
425 748 758 814 φιλοπονίαν
777 743 867 798 καὶ
891 746 1233 810 φιλονεικίαν
1251 739 1341 794 καὶ
1361 744 1670 808 φιλοτιμίας
1691 736 1788 802 τὰς
1805 744 1987 793 Λακε-

318 830 647 897 δαιμονίων,
686 828 853 879 παῖδα
882 820 954 878 ἀν
982 821 1216 894 ἡγήσαιο
1250 819 1458 876 σαυτὸν
1493 826 1627 875 πᾶσι
1662 833 1773 884 τοῖς
1801 820 1986 875 τοιού-

253 928 285 967 D
318 931 444 973 τοις.
500 914 550 964 εἰ
586 906 636 963 δ’
663 900 736 962 αὖ
773 929 824 961 τι
863 907 953 960 καὶ
983 903 1202 977 πλούτῳ
1231 905 1510 974 προσέχεις
1539 905 1629 959 καὶ
1658 902 1795 958 κατά
1825 908 1987 957 τοῦτο

320 999 420 1047 οἱέι
457 992 506 1046 τὶ
547 989 713 1059 εἶναι,
750 986 886 1058 μηδὲ
915 992 1076 1041 τοῦτο
1108 983 1239 1056 ἡμῖν
1270 984 1511 1056 ἄρρητον
1548 989 1707 1054 ἔστω,
1746 985 1845 1040 ε’άν
1876 1005 1986 1051 πως

321 1081 491 1145 αἴσθῃ
521 1065 591 1128 οὗ
621 1070 680 1127 εἴ.
738 1077 901 1125 τοῦτο
933 1071 1032 1139 μὲν
1053 1066 1158 1137 γάρ
1183 1073 1231 1123 εἰ
1257 1069 1465 1132 ἐθέλεις
1494 1067 1623 1132 τούς
1643 1071 1990 1137 Λακεδαιμο-

321 1162 458 1211 νίων
477 1153 752 1216 πλούτους
773 1156 935 1219 ἰδεῖν,
974 1151 1176 1220 γνώσει
1204 1149 1288 1205 ὅτι
1315 1149 1457 1205 πολὺ
1487 1148 1731 1204 τάνθάδε
1751 1155 1864 1204 τῶν
1883 1151 1991 1204 ἐκεῖ

320 1241 564 1294 ἐλλείπει.
600 1243 706 1306 γῆν
723 1235 823 1306 μὲν
842 1232 947 1303 γὰρ
962 1232 1100 1303 ὅσην
1118 1238 1302 1302 ἔχουσι
1321 1239 1415 1302 τῆς
1435 1229 1488 1286 θ’
1504 1234 1714 1287 ἑαυτῶν
1731 1234 1991 1286 καὶΛΙεσ-

321 1322 517 1391 σήνης,
552 1317 677 1374 οὐδ’
701 1315 772 1372 ἀν
801 1314 875 1380 εἷς
906 1313 1336 1386 ἀμφισβητήσειε
1358 1322 1468 1369 των
1488 1318 1617 1386 τῇδε
1639 1311 1839 1384 πλήθει
1859 1310 1987 1367 οὐδὲ

321 1402 509 1474 ἀρετῇ,
550 1398 671 1456 οὐδ’
698 1394 772 1454 αὖ
809 1397 1179 1468 ἀνδραπόδων
1216 1398 1403 1468 κτήσει
1441 1404 1552 1451 τῶν
1588 1418 1646 1451 τε
1681 1394 1865 1451 ἄλλων
1901 1395 1993 1449 καὶ

321 1492 433 1539 τῶν
464 1487 792 1551 εἱλωτικῶν,
833 1479 966 1535 οὐδὲ
997 1477 1108 1550 μὴν
1136 1482 1320 1534 ἵππων
1339 1502 1427 1550 γε,
1466 1476 1588 1533 οὐδ’
1613 1475 1717 1533 ὅσα
1736 1476 1874 1532 ἄλλα
1891 1482 1991 1547 βο-

263 1587 291 1624 E
324 1567 572 1637 σκήματα
591 1563 728 1620 κατὰ
742 1563 1049 1634 Μεσσήνην
1068 1564 1286 1632 νέμεται
1299 1584 1310 1594 ·
1344 1559 1480 1616 ἀλλά
1500 1566 1671 1617 ταῦτα
1690 1560 1791 1630 μὲν
1811 1558 1991 1613 πάντα

324 1653 394 1703 ἐῶ
426 1653 666 1719 χαίρειν,
698 1651 927 1716 χρυσίον
958 1645 1016 1700 δὲ
1047 1648 1137 1699 καὶ
1158 1642 1427 1713 ἀργύριον
1457 1641 1558 1698 οὐκ
1579 1647 1727 1697 ἔστιν
1748 1644 1806 1697 ἐν
1825 1647 1993 1695 πᾶσιν

311 1731 566 1800 Ἐλλησιν
588 1727 724 1783 ὅσον
743 1730 804 1783 ἐν
822 1730 1193 1796 Λακεδαίμονι
1210 1731 1348 1800 ἰδία·
1394 1723 1599 1790 πολλάς
1625 1723 1732 1795 γάρ
1763 1723 1868 1796 ἤδη
1899 1745 1993 1793 γε-

323 1811 451 1875 νεάς
483 1813 776 1879 εἰσέρχεται
807 1808 908 1878 μὲν
938 1806 1139 1863 αὐτόσε
1177 1811 1230 1874 ἐξ
1267 1807 1528 1864 ἁπάντων
1557 1815 1668 1863 τῶν
1698 1806 1991 1877 Ἑλλήνων,

325 1893 589 1957 πολλάκις
609 1891 666 1947 δε
686 1893 776 1946 καὶ
799 1894 857 1946 ἐκ
879 1913 991 1945 των
1009 1890 1338 1961 βαρβάρων,
1371 1892 1639 1961 ἐξέρχεται
1671 1889 1728 1944 δε
1748 1887 1991 1958 οὐδαμό-

175 1975 295 2069 Ἰ’423
324 1993 412 2046 σε,
444 1972 555 2030 ἀλλ’
581 1972 818 2044 ἀτεχνως
837 1972 974 2027 κατά
992 1972 1091 2027 τὸν
1113 1973 1380 2027 Αἰσώπου
1399 1979 1606 2042 μυθον,
1631 1969 1696 2025 ὃν
1715 1969 1748 2041 ἡ
1771 1969 1990 2039 ἀλωπηξ

226 2056 283 2132 ᾖ
322 2057 460 2129 πρὸς
478 2056 578 2112 τὸν
597 2060 792 2112 λέοντα
816 2055 956 2124 εἶπε,
988 2056 1079 2110 καὶ
1098 2060 1199 2109 τοῦ
1219 2058 1293 2118 εἰς
1312 2056 1700 2123 Λακεδαίμονα
1719 2057 1990 2121 νομισμακ

306 2162 412 2206 τος
450 2140 714 2205 εἰσιόντος
754 2142 855 2210 μὲν
891 2137 957 2193 τά
997 2146 1117 2209 ἴχνη
1155 2133 1220 2191 τά
1261 2138 1433 2191 ἐκεῖσε
1461 2135 1800 2205 τετραμμένα
1837 2138 1991 2204 δῆλα,

321 2223 558 2291 ἐξιόντος
589 2225 647 2280 δε
676 2221 893 2294 οὐδαμῇ
923 2221 996 2277 ἄν
1025 2243 1104 2286 τις
1138 2223 1269 2275 ἰδοι·
1310 2216 1449 2273 ω’στε
1482 2220 1544 2272 εὐ
1564 2216 1664 2288 χρὴ
1687 2215 1927 2273 εἰδέναι
1908 2214 1991 2271 ότι

315 2313 418 2367 καὶ
437 2315 622 2383 χρυσῷ
652 2309 743 2364 καὶ
763 2305 989 2381 ἀργύρω
1010 2308 1107 2361 οῖ’
1082 2317 1196 2361 εκεῖ
1209 2301 1610 2358 πλουσιώτατοί
1627 2305 1730 2356 εἰσι
1748 2323 1861 2355 των
1872 2297 1991 2354 Ελ-

327 2393 538 2464 λήνων,
578 2393 668 2446 καὶ
697 2389 883 2446 αὐτων
914 2391 1140 2446 ἐκείνων
1169 2385 1196 2442 6
1229 2382 1512 2457 βασιλεύς·
1564 2387 1621 2437 ε”κ
1655 2403 1712 2436 τε
1741 2380 1846 2451 γάρ
1878 2402 1989 2434 των

325 2475 594 2531 τοιούτων
613 2477 858 2544 μέγισται
887 2471 1076 2543 λήψεις
1098 2471 1185 2526 καὶ
1217 2472 1466 2524 πλεισταί
1481 2471 1584 2521 εἰσι
1602 2476 1714 2528 τοῖς
1734 2467 1993 2535 βασιλεῦ-
2021 2465 2023 2469 '

325 2575 440 2628 σιν,
481 2560 558 2612 ἔτι
588 2554 648 2610 δε
679 2556 771 2610 καὶ
802 2552 829 2609 6
862 2550 1146 2625 βασιλικὸς
1174 2549 1348 2621 φόρος
1377 2547 1480 2604 οὐκ
1512 2546 1695 2616 ὀλίγος
1731 2552 1990 2616 γίγνεται,

262 2658 291 2696 Β
326 2638 393 2695 ὃν
416 2644 673 2695 τελοῦσιν
692 2639 749 2691 οἱ
763 2635 1193 2706 Λακεδαιμόνιοι
1213 2644 1326 2697 τοῖς
1345 2635 1645 2703 βασιλεῦσι.
1697 2629 1787 2682 καὶ
1805 2624 1869 2680 τά
1891 2648 1991 2695 μεν

291 2722 780 2791 Λακεδαιμονίων
812 2714 883 2782 ὡς
914 2715 1050 2787 πρὸς
1076 2712 1428 2786 Ἑλληνικούς
1455 2735 1555 2782 μεν
1587 2708 1860 2771 πλούτους
1896 2729 1993 2777 με-
2021 2734 2028 2737 -

327 2803 493 2873 γάλα,
529 2800 602 2867 ὠς
631 2801 689 2856 δὲ
718 2797 856 2867 πρὸς
875 2797 1007 2863 τοὺς
1023 2794 1335 2867 Περσικοὺς
1353 2796 1443 2850 καὶ
1461 2799 1560 2848 τοῦ
1587 2793 1813 2847 ἐκείνων
1833 2795 1992 2861 βασι-
