2028 3198
865 389 940 456 Φ
953 390 1030 458 Α
1046 394 1099 458 Ι
1103 387 1178 457 Δ
1180 395 1249 460 Ρ
1258 394 1401 463 ΟΣ

730 505 797 592 [ἢ
831 514 956 589 περὶ
1002 516 1187 571 καλοῦ
1200 536 1211 547 ·
1250 510 1505 595 ἠθικός]

565 713 662 762 ΤΑ
701 711 851 761 ΤΟΥ
882 711 1277 766 ΔΙΑΛΟΓΟΤ
1309 716 1674 766 ΠΡΟΣΩΠΑ

196 882 259 924 St.
623 820 1066 876 ΣΩΚΡΑΤΗΣ
1094 825 1228 879 ΚΑΙ
1259 824 1613 880 ΦΑΙΔΡΟΣ.

185 940 258 984 111.
951 964 995 970 —

174 1009 261 1100 ΞΞῚ
421 1038 456 1090 Ι.
520 1014 613 1094 ςιΩ
634 1041 759 1106 φίλε
780 1042 1011 1108 Φαῖδρε,
1034 1048 1130 1092 ποῖ
1143 1034 1208 1106 δὴ
1230 1037 1319 1092 καὶ
1339 1036 1547 1100 πόθεν;

420 1122 571 1174 ΦΑΙ.
623 1119 787 1191 Παρὰ
819 1127 1058 1190 Λυσίου,
1100 1113 1144 1174 ὦ
1173 1119 1494 1190 Σώκρατες,
1531 1126 1632 1174 τοῦ
1658 1120 1951 1190 Κεφάλου·

277 1197 583 1270 πορεύομαι
611 1199 670 1257 δὲ
698 1201 837 1271 πρὸς
866 1207 1165 1272 περίπατον
1196 1205 1295 1267 ἔξω
1331 1205 1554 1271 τείχους.
1602 1200 1812 1271 συχνὸν
1846 1200 1952 1271 γὰρ

276 1280 391 1335 ἐκεῖ
420 1280 667 1349 διέτριψα
702 1283 908 1356 χρόνον
946 1283 1262 1355 καθήμενος
1294 1284 1346 1348 ἐξ
1379 1284 1643 1338 ἑωθινοῦ·
1680 1289 1756 1355 τῷ
1784 1282 1843 1338 δὲ
1874 1289 1953 1356 σςᾶ
2020 1301 2028 1318 ⁴

275 1362 366 1416 καὶ
401 1364 514 1432 ἐμῷ
551 1364 742 1438 ἑταίρῳ
782 1365 1112 1436 πειθόμενος
1141 1362 1453 1438 Ἀκουμενςό
1493 1364 1630 1419 κατὰ
1661 1362 1758 1428 τὰς
1788 1359 1952 1428 ὁδους
2018 1378 2028 1432 ³:

276 1450 541 1515 ποιοῦμαι
570 1445 701 1511 τοῦς
732 1448 1093 1518 περιπάτους·
1133 1447 1267 1517 φησὶ
1285 1447 1391 1516 γάρ
1413 1444 1795 1516 ἀκοπωτέρους
1814 1443 1952 1499 εἶναι

215 1531 247 1573 Β
278 1530 391 1579 τῶν
409 1526 470 1580 ἐν
489 1535 601 1591 τοῖς
622 1527 859 1598 δρόμοις.
2008 1532 2017 1534 ”

414 1611 536 1662 ΣΩ.
595 1613 792 1673 Καλῶς
810 1609 944 1678 γάρ,
970 1603 1012 1662 ὦ
1031 1610 1232 1678 ἑταῖρε,
1254 1610 1412 1677 λέγει.
1474 1607 1610 1676 ἀτὰρ
1632 1612 1840 1671 Λυσίας
1859 1601 1948 1677 ἦν,

277 1682 349 1750 ὡς
367 1689 572 1759 ἔοικεν,
597 1690 656 1743 ἐν
675 1687 841 1744 ἄστει.
2008 1708 2017 1745 ’,

417 1774 566 1823 ΦΑΙ.
624 1775 742 1824 Ναί
750 1769 917 1841 ,’παρ
938 1770 1267 1841 Ἐπικρατει,
1291 1772 1350 1826 ἐν
1370 1773 1496 1841 τῇδε
1516 1775 1582 1841 τῇ
1602 1775 1832 1839 πλησίον
1851 1776 1952 1823 τοῦ
2016 1763 2019 1771 ”

271 1844 569 1918 Ὀλυμπίου
589 1854 733 1904 οἰκία
754 1857 817 1922 τῇ
838 1857 1115 1923 Μορυχία

413 1934 538 1984 Σῼ.
600 1935 691 1995 Τίς
710 1934 816 1985 οὐν
837 1924 960 2002 δὴ
926 1954 998 2001 ην
1016 1930 1048 2000 ἡ
1073 1931 1350 2002 διατριβῆς
1380 1928 1415 2001 ἢ
1435 1930 1644 2000 δῆλον
1622 1931 1706 1986 ότι
1724 1938 1835 1985 τῶν
1855 1931 1951 1985 λό-

276 2033 394 2080 γων
412 2009 556 2083 υμᾶς
573 2018 782 2078 Λυσίας
806 2016 1002 2079 εἶστίας

417 2099 567 2150 ΦΑΙ.
614 2095 849 2166 ΙΙεύσει,
872 2103 925 2150 εἰ
938 2111 1024 2149 σοι
1046 2092 1208 2164 σχολὴ
1230 2094 1477 2164 προϊόντι
1497 2092 1739 2149 ἀκούειν.

414 2181 538 2231 ΣΩ.
599 2181 668 2231 Τί
683 2177 746 2231 δέ
756 2200 769 2242 ;
796 2173 898 2231 οὐκ
918 2172 988 2230 ἂν
1008 2182 1110 2230 οἰέι
1129 2196 1194 2245 με
1215 2174 1351 2230 κατὰ
1371 2178 1658 2246 Πίνδαρον
1676 2175 1766 2229 καὶ
1785 2171 1950 2243 ἄσχο-
2020 2186 2023 2225 s

274 2261 391 2322 λίας
422 2255 725 2328 ὑπέρτερον
743 2263 967 2328 πρᾶγμα
990 2255 1327 2327 ποιήσασθαι
1347 2255 1407 2312 τὸ
1430 2255 1534 2327 σήν
1552 2277 1609 2310 τε
1629 2257 1718 2311 καὶ
1736 2260 1949 2310 Λυσίου

276 2337 565 2409 διατριβὴν
583 2336 818 2394 ἀκοῦσαι
834 2363 847 2406 ;
1368 2360 1373 2363 ’

215 2433 249 2475 G
421 2424 568 2474 ΦΑΙ.
629 2419 850 2490 Πρόαγε
871 2419 954 2491 δή.

413 2504 538 2554 ΣΩ.
592 2501 787 2569 Λέγοις
807 2500 890 2556 ἄν.

418 2585 566 2635 ΦΑΙ.
625 2583 732 2636 Καὶ
752 2582 887 2653 μήν,
930 2577 975 2637 οἷ
994 2582 1314 2651 Σώκρατες,
1353 2579 1710 2652 προσήκουσά
1729 2578 1946 2648 γέσοιὴ

276 2660 431 2732 ἀκοή.
488 2658 517 2717 ὁ
547 2662 653 2733 γάρ
674 2684 757 2717 τοι
776 2662 938 2732 λόγος
959 2658 1055 2734 ἦν,
1087 2664 1209 2732 περὶ
1229 2660 1296 2717 ὂν
1319 2666 1685 2732 διετρίβομεν,
1717 2657 1820 2714 οὐκ
1841 2655 1946 2714 οἶδ’

275 2741 468 2798 ὅντινα
498 2743 708 2813 τρόπον
737 2743 1004 2811 ἐρωτικός.
1059 2746 1301 2815 γέγραφε
1329 2741 1437 2813 γὰρ
1471 2741 1537 2811 δὴ
1556 2738 1585 2795 ὁ
1604 2746 1812 2804 Λυσίας
1831 2760 1950 2794 πει-κ

276 2823 530 2894 ρώμενόν
547 2845 670 2879 τινα
687 2830 799 2879 τῶν
819 2831 1031 2894 καλῶν,
1063 2824 1164 2896 οὐχ
1184 2821 1279 2879 ὑπ’
1303 2826 1538 2891 ἐραστοῦ
1557 2822 1642 2891 δέ,
1665 2819 1764 2876 ἄλλ
1778 2819 1791 2840 ’
1814 2818 1944 2875 αὐτὸ
