2028 3198
253 159 322 211 34
854 159 1331 209 ΠΛΑΤΩΝΟΣ

138 308 220 353 153
253 291 363 348 τῶν
393 293 604 360 άλλων;
651 290 770 347 Οὐκ
800 297 902 362 ἔχω
933 293 1126 362 λέγειν.
1186 291 1324 349 Τόδε
1357 316 1419 364 γε
1447 294 1558 366 μὴν
1578 301 1712 367 ἔχεις
1733 303 1927 371 λέγειν,

250 373 332 428 ὅτι
361 373 424 429 τὰ
457 373 597 429 άλλα
627 379 727 428 τοῦ
756 373 906 445 ἑνός,
947 381 1096 476 εἴπερ
1129 375 1286 444 ἕτερά
1306 379 1453 431 ἐστιν
1471 375 1608 433 ἀλλὰ
1628 377 1700 450 μὴ
1723 381 1927 450 ἕτερον,

246 462 412 509 πλείω
441 455 587 508 ἐστὶν
618 453 767 518 ἑνός·
807 455 995 523 ἕτερον
1026 455 1127 524 μὲν
1155 452 1315 525 γὰρ
1292 454 1360 511 ο“ν
1385 459 1447 512 ἓν
1465 454 1536 512 ἂν
1554 454 1653 530 ἦν,
1691 462 1848 532 ἕτερα
1870 462 1928 517 δὲ

245 533 380 590 ὄντα
409 540 575 589 πλείω
606 535 729 599 ἑνός
759 537 870 590 ἐστι
898 536 988 591 καὶ
1017 542 1231 606 πλῆθος
1260 534 1332 592 ὄίν
1359 542 1483 608 ἔχοι.
1533 538 1683 610 Ἐχοι
1711 540 1816 612 γὰρ
1838 541 1921 598 άν.

245 622 474 686 Πλῆθος
513 615 572 671 63
599 612 668 671 ὂν
696 616 942 688 αριθμοῦ
973 624 1224 684 πλείονος
1252 616 1322 675 ἂν
1351 623 1561 691 μετέχοι
1588 619 1625 692 ἢ
1652 630 1752 678 τοῦ
1786 625 1920 688 ἑνός.

242 703 371 761 Πῶς
402 696 454 752 δ’
487 697 583 764 οὕς
629 703 698 753 Τί
722 703 854 767 ούν;
898 699 1146 771 ἀριθμοῦ
1177 701 1428 800 φήσομεν
1456 725 1522 757 τα
1555 710 1720 759 πλείω
1739 711 1923 775 γίγνε-

245 784 383 835 σθαί
397 799 455 835 τε
474 780 564 834 καὶ
583 783 871 849 γεγονέναι
891 782 1180 852 πρότερον,
1204 778 1241 851 ἦ
1256 781 1321 838 τὰ
1343 784 1573 850 ἐλάττους
1601 782 1680 838 To}
1701 787 1918 840 ἐλάττω.

248 861 321 916 T6
356 859 633 931 ὀλίγιστον
663 860 770 932 άρα
799 869 1044 934 πρῶτον·
1075 870 1237 918 τοῦτο
1271 863 1323 918 δ’
1355 869 1467 918 ἐστι
1495 863 1554 919 τὸ
1586 866 1663 918 ἕ.ν
1717 859 1752 937 ἦ
1783 866 1920 963 γάρ;

182 955 213 995 Β
245 946 373 998 Ναί.
428 942 668 996 Πάντων
708 942 815 1014 άρα
853 941 911 999 τὸ
954 947 1015 999 ἓν
1053 964 1276 1015 πρωτον
1310 947 1504 1020 γέγονε
1532 968 1645 1000 των
1674 944 1921 1017 ἀριθμὸν

243 1026 496 1096 ἐχόντων.
554 1028 660 1095 ἔχει
691 1026 750 1080 δὲ
781 1027 871 1081 καὶ
899 1019 1068 1080 τᾶλλα
1092 1026 1271 1081 πάντα
1291 1025 1564 1097 ἀριθμόν,
1605 1035 1754 1098 εἴπερ
1779 1027 1918 1083 άλλα

237 1107 326 1161 καὶ
345 1106 417 1177 μὴ
439 1104 573 1161 ἄλλο
593 1109 751 1161 ἐστίν.
790 1105 936 1177 Ἐχει
954 1107 1075 1177 γάρ.
1116 1113 1350 1178 Πρῶτον
1372 1110 1433 1162 δέ
1448 1129 1537 1177 γε,
1562 1106 1734 1179 οἶμαι,
1756 1131 1913 1179 γεγο-

237 1186 334 1252 νὸς
354 1187 627 1257 πρότερον
646 1191 864 1257 γέγονε,
896 1187 960 1243 τὰ
984 1191 1041 1243 δὲ
1061 1188 1199 1243 ἄλλα
1219 1187 1480 1258 ὕστερον·
1518 1187 1583 1243 τὰ
1605 1186 1655 1244 δ’
1679 1187 1913 1259 ὕστερον

237 1268 506 1339 γεγονότα
542 1267 780 1339 νεώτερα
816 1275 918 1324 τοῦ
954 1268 1223 1339 πρότερον
1258 1269 1575 1339 γεγονότος·
1620 1271 1709 1325 καὶ
1742 1269 1913 1335 οὕτως

237 1346 308 1405 ἂν
330 1358 410 1421 εἴη
432 1343 602 1404 τᾶλλα
623 1350 862 1420 νεώτερα
882 1356 983 1405 τοῦ
1007 1350 1144 1419 ἑνός,
1169 1347 1227 1405 τὸ
1251 1350 1310 1406 63
1332 1353 1393 1405 ἓν
1412 1349 1786 1423 πρεσβύτερον
1804 1358 1916 1406 τῶν

236 1430 434 1487 ἄλλων.
474 1438 577 1501 Eia]
597 1429 704 1500 γὰρ
725 1430 808 1485 ἄν.

373 1517 484 1566 ΧΧ.
565 1517 635 1566 Τί
661 1511 718 1567 63
747 1511 902 1578 v0'c533
943 1505 1034 1579 ἆρ’
1067 1534 1139 1566 αν
1169 1519 1249 1581 εἰη
1281 1510 1339 1567 τὸ
1372 1513 1434 1566 ἓν
1453 1532 1600 1582 παρα
1621 1513 1794 1582 φύσιν
1814 1510 1913 1582 τὴν

171 1614 200 1656 c
238 1590 413 1647 αὑτοῦ
431 1592 686 1663 γεγονός,
711 1590 743 1663 ἢ
764 1591 1071 1659 ἄδύνατον;
1104 1591 1416 1647 Ἀδύνατον.
1466 1590 1625 1648 Ἀλλα
1645 1592 1755 1664 μὴν
1775 1595 1910 1664 μέρη

233 1697 293 1744 γε
324 1679 447 1744 ἔχον
480 1674 658 1744 ἐφάνη
688 1673 748 1729 τὸ
769 1676 857 1744 ἕν,
899 1680 948 1730 εἰ
967 1673 1026 1729 δὲ
1043 1675 1178 1745 μέρη
1194 1716 1208 1744 ,
1244 1675 1334 1729 καὶ
1354 1672 1528 1745 ἀρχὴν
1546 1677 1635 1730 καὶ
1654 1675 1912 1744 τελευτὴν

233 1759 324 1812 καὶ
343 1759 526 1826 μέσον.
581 1760 710 1812 Ναί.
760 1753 989 1810 Οὐκοῦν
1011 1756 1235 1809 πάντων
1253 1762 1474 1825 πρῶτον
1494 1753 1630 1827 ἀρχὴ
1650 1762 1908 1826 γίγνεται,

235 1838 326 1892 καὶ
348 1833 524 1890 αὐτοῦ
544 1840 644 1889 τοῦ
664 1836 786 1899 ἐνὸς
806 1837 896 1890 καὶ
918 1836 1153 1891 ἑκάστου
1173 1843 1283 1890 τῶν
1304 1835 1516 1905 ἄλλων,
1546 1839 1636 1892 καὶ
1657 1836 1788 1907 μετὰ
1810 1835 1910 1908 τὴν

233 1915 407 1987 ἀρχὴν
435 1918 526 1972 καὶ
552 1910 721 1972 τᾶλλα
753 1917 932 1972 πάντα
961 1920 1116 1988 μέχρι
1144 1924 1245 1972 τοῦ
1274 1922 1490 1982 τέλους’;
1533 1924 1600 1972 Τί
1624 1919 1762 1988 μήν;
1803 1921 1910 1974 Καὶ
2026 1991 2028 1994 Ι

232 1998 343 2071 μὴν
371 1997 538 2069 μόριά
566 2020 628 2068 γε
657 1998 910 2069 φήσομεν
928 1998 1084 2054 ταῦτ’
1106 1998 1244 2054 εἶναι
1263 1999 1441 2053 πάντα
1465 1994 1635 2055 τᾶλλα
1653 2006 1753 2054 τοῦ
1775 1999 1909 2055 ὅλου
2023 2013 2028 2041 ⁴

231 2102 288 2136 τε
319 2081 409 2135 καὶ
440 2080 586 2150 ἑνός,
626 2077 760 2135 αὐτὸ
792 2079 850 2135 δὲ
879 2083 1054 2137 ἐκεῖνο
1085 2079 1196 2150 ἅμα
1215 2087 1282 2151 τῇ
1300 2086 1524 2152 τελευτῇ
1540 2083 1826 2151 γεγονέναι
1847 2084 1907 2137 ἕν
2022 2080 2028 2102 “’

230 2183 286 2217 τε
307 2161 397 2216 καὶ
417 2158 565 2216 ὅλον.
616 2160 873 2232 Φήσομεν
893 2162 1016 2232 γάρ.
1079 2158 1312 2231 Τελευτὴ
1337 2163 1396 2215 δὲ
1414 2159 1566 2231 οἶμαί
1579 2184 1641 2232 γε
1670 2161 1907 2219 ὕστατον

170 2265 203 2305 1)
231 2248 502 2312 γίγνεται·
530 2243 708 2315 τούτῳ
731 2240 779 2297 δ’
804 2242 915 2313 ἅμα
933 2241 993 2298 τὸ
1016 2245 1078 2297 ἓν
1097 2246 1310 2312 πέφυκε
1330 2247 1641 2312 γίγνεσθαι·
1673 2242 1802 2299 ὥστ’
1828 2253 1907 2300 εἵ-

230 2343 331 2393 περ
353 2321 565 2393 ἀνάγκη
588 2321 721 2377 αὐτὸ
744 2322 802 2379 τὸ
825 2326 886 2379 ἓν
907 2322 979 2395 μὴ
1002 2322 1147 2392 παρὰ
1170 2324 1344 2393 φύσιν
1361 2328 1676 2395 γίγνεσθαι,
1709 2324 1819 2394 ἅμα
1839 2332 1906 2396 τῇ

229 2409 454 2474 τελευτῇ
487 2399 559 2458 ἂν
589 2402 819 2473 γεγονὸς
848 2403 1089 2460 ὕστατον
1117 2402 1187 2459 ἂν
1217 2426 1329 2459 των
1349 2403 1534 2459 ἄλλων
1552 2403 1802 2475 πεφυκὸς
1823 2414 1903 2476 εἰη

229 2489 535 2555 γίγνεσθαι.
595 2489 867 2539 Φαίνεται.
922 2486 1216 2554 Νειότερον
1253 2483 1359 2555 άρα
1398 2492 1509 2540 τῶν
1537 2484 1722 2541 άλλων
1750 2484 1810 2542 τὸ
1841 2489 1904 2541 ἕν

229 2569 359 2636 ἐστι,
380 2587 444 2620 τα
465 2563 509 2619 δ’
533 2564 671 2620 ἄλλα
691 2572 791 2620 τοῦ
814 2565 935 2631 ἑνὸς
957 2567 1315 2639 πρεσβύτερα.
1357 2565 1549 2631 Ου’τως
1569 2561 1642 2621 αὖ
1660 2589 1752 2638 μοι
1772 2574 1900 2637 φαί-

230 2668 396 2701 νεται.
439 2651 509 2700 Τί
523 2647 581 2700 δὲ
600 2645 692 2716 δή·
682 2688 694 2710 ,
714 2644 931 2715 ἀρχὴν
905 2670 938 2717 η
934 2646 1093 2703 ἄλλο
1114 2651 1276 2718 μέρος
1296 2646 1484 2702 ὁτιοῦν
1502 2655 1602 2702 τοῦ
1617 2644 1777 2711 ἑνός’
1751 2669 1784 2716 η
1779 2645 1900 2700 ἄλ-

229 2734 332 2781 λου
361 2724 625 2795 ὁτουοῦν,
665 2728 862 2793 ἐάνπερ
895 2731 1056 2797 μέρος
1086 2723 1122 2799 ᾗ
1152 2727 1289 2783 ἀλλὰ
1308 2727 1380 2798 μὴ
1399 2731 1563 2797 μέρη,
1605 2725 1706 2780 οὐκ
1726 2724 1899 2795 ἄναγ-

228 2817 387 2862 καῖον
409 2810 470 2862 ἓν
492 2805 655 2879 εἶναι,
679 2810 841 2878 μέρος
863 2830 922 2876 γε
943 2807 1035 2874 (im
1070 2807 1321 2879 Ἀνάγκη.
1375 2806 1601 2862 Οὐκοῦν
1620 2804 1679 2862 τὸ
1702 2809 1763 2861 ἓν
1787 2806 1898 2878 ἅμα
