2028 3198
784 427 1502 502 ΑΝΤΕΡΑΣΤΑῙ

657 543 725 630 [ἢ
767 553 894 627 περὶ
939 556 1326 631 φιλοσοφίας·
1371 552 1629 636 ἠθικός]

182 665 242 707 St.
264 667 295 707 Ι.

223 736 265 776 p.

185 787 268 831 132

438 778 474 827 1.
547 767 667 838 Εἰς
685 781 996 831 Διονυσίου
1014 785 1118 833 τοῦ
1135 786 1549 852 γραμματιστοῦ
1568 783 1858 849 εἰσῆλθον,
1889 781 1979 834 καὶ

301 852 454 909 εἶδον
474 853 677 912 αὐτόθι
695 865 809 913 τῶν
837 881 894 914 τε
917 861 1061 915 νέων
1079 862 1208 929 τούς
1228 863 1660 926 ἐπιεικεστάτους
1679 865 1983 927 δοκοῦντας

299 935 441 991 εἶναι
458 934 564 1007 τὴν
594 941 748 994 ἰδέαν
766 942 853 996 καὶ
875 945 1127 1012 πατέρων
1150 943 1460 1016 εὐδοκίμων
1473 987 1488 1014 ,
1512 946 1603 1000 καὶ
1622 942 1836 999 τούτων
1854 945 1983 1012 ἐρα-

298 1019 442 1083 στάς.
483 1023 850 1094 ἐτυγχανέτην
879 1028 984 1079 οῦν
1015 1026 1115 1082 δύο
1136 1034 1249 1083 ττόν
1268 1033 1567 1099 μειρακίων
1586 1030 1836 1096 ἐρίζοντε,
1856 1027 1982 1094 περὶ

295 1098 431 1156 ὅτου
451 1105 527 1173 δέ,
553 1103 620 1159 οὐ
642 1106 862 1176 σφόδρα
882 1107 1218 1178 κατήκουον·
1237 1111 1580 1179 έφαινέσθην
1597 1112 1782 1179 μέντοι
1799 1104 1835 1179 ἦ
1855 1112 1975 1176 περὶ

290 1181 661 1257 Ἀναξαγόρου
706 1184 744 1258 ἢ
779 1192 903 1259 περὶ
945 1195 1250 1246 Οἰνοπίδου
1294 1193 1509 1260 ἐρίζειν·
1560 1189 1802 1252 κύκλους
1837 1195 1980 1257 γοῦν

233 1280 266 1320 Β
293 1267 604 1337 γράφοντες
624 1273 965 1342 ἐφαινέσθην
989 1274 1077 1327 καὶ
1099 1274 1360 1342 ἐγκλίσεις
1379 1271 1530 1336 τινὰς
1549 1274 1842 1341 ἐμιμοῦντο
1862 1282 1982 1326 τοῖν

291 1361 476 1418 χεροῖν
495 1353 834 1408 ἐπικλίνοντε
853 1357 944 1410 καὶ
975 1353 1102 1424 μάλ’
1127 1355 1514 1410 ἐσπουδακότε.
1535 1352 1688 1423 κάγώ
1709 1387 1777 1394 —
1796 1354 1979 1423 καθή-

292 1453 402 1501 μην
418 1454 525 1502 γαρ
546 1454 695 1503 παρα
726 1434 827 1490 τὸν
856 1436 1094 1507 ἐραστὴν
1125 1444 1226 1492 τοῦ
1247 1438 1436 1505 ἑτέρου
1456 1434 1647 1491 αὐτοῖν
1665 1469 1734 1476 --
1752 1435 1980 1504 κινήσας

300 1535 407 1568 ουν
426 1512 600 1570 αὐτὸν
619 1523 698 1590 τῷ
716 1514 928 1587 αγκῶνι
947 1517 1191 1590 ἠρόμην,
1234 1516 1266 1573 ὅ
1283 1525 1338 1573 τί
1354 1516 1487 1573 ποθ’
1511 1516 1685 1582 οὕτως
1704 1519 1980 1572 ἐσπουδα-

293 1595 422 1650 κότε
441 1618 517 1651 τω
539 1606 800 1668 μειρακίω
823 1608 989 1671 εἴτην,
1012 1603 1102 1656 καὶ
1123 1599 1303 1655 εἷπον
1333 1602 1398 1653 H
1414 1619 1524 1654 που
1543 1600 1681 1669 μέγα
1699 1620 1750 1653 τι
1769 1599 1859 1654 καὶ
1878 1620 1979 1653 κα-

293 1678 400 1733 λον
418 1678 545 1750 ἐστι,
568 1681 691 1749 περὶ
710 1704 843 1737 οτου
861 1685 1135 1754 τοσαύτην
1155 1680 1406 1752 σπουδὴν
1424 1682 1770 1750 πεποιημένω
1790 1679 1976 1743 ἐστόν;

294 1757 323 1815 ὁ
346 1754 562 1833 ὸέίπε,
594 1768 794 1827 Ποῖον,
827 1769 962 1836 ἔφη,
993 1770 1130 1835 μέγα
1158 1767 1247 1820 καὶ
1263 1764 1460 1827 καλόν;
1498 1761 1855 1832 ἀδολεσχοῦσι
1874 1760 1978 1831 μὲν

295 1836 398 1897 οὖν
434 1838 590 1900 οὗτοι
624 1848 748 1914 περὶ
783 1853 897 1900 τῶν
934 1848 1226 1917 μετεώρων
1263 1848 1354 1901 καὶ
1391 1850 1707 1916 φλυαροῦσι
1747 1850 1976 1914 φιλοσο-
2017 1863 2019 1867 ·

295 1930 547 1992 φοῦντες.
591 1929 680 1981 καὶ
710 1925 816 1996 ἐγω
847 1930 1143 1997 θαυμάσας
1165 1927 1339 1982 αὐτοῦ
1359 1926 1461 1997 τὴν
1481 1925 1775 1994 ἀπόκρισιν
1795 1923 1975 1979 εἷπον·

286 1999 349 2060 Ὦ
368 2012 578 2077 νεανία,
600 2009 828 2077 αἰσχρὸν
851 2011 1007 2064 δοκεῖ
1019 2026 1106 2065 σοι
1128 2007 1267 2063 εἶναι
1285 2008 1346 2062 τὸ
1370 2014 1722 2077 φιλοσοφεῖν;
1753 2002 1788 2075 ἦ
1806 2011 1863 2060 τί
1875 2003 1978 2059 οὕ-

292 2109 399 2153 τως
427 2096 673 2158 χαλεπῶς
702 2093 901 2160 λέγεις;
939 2094 1028 2145 καὶ
1057 2088 1085 2145 ὁ
1117 2091 1298 2159 ἕτερος
1319 2123 1387 2130 -
1406 2093 1641 2158 πλησιόν
1668 2086 1774 2156 γὰρ
1795 2085 1977 2156 καθή-

296 2191 462 2240 μενος
481 2170 778 2242 ἐτύγχανεν
799 2173 990 2241 αὐτοῦ,
1032 2170 1367 2241 ἀντεραστὴς
1390 2170 1470 2225 ὤν
1489 2203 1560 2211 -—
1580 2167 1821 2232 ἀκούσας
1840 2170 1976 2238 ἐμοῦ

291 2275 352 2307 τε
380 2254 650 2323 ἐρομένου
681 2253 944 2310 κάκείνου
977 2252 1450 2320 ἀποκρινομένου,
1493 2249 1578 2307 Ού
1601 2248 1740 2319 πρὸς
1771 2255 1876 2304 σοῦ
1892 2270 1972 2318 γε,

292 2339 424 2406 ἔφη,
466 2329 509 2390 ὦ
545 2337 867 2407 Σώκρατες,
906 2349 1077 2401 ποιεῖς
1109 2331 1169 2391 το
1209 2357 1299 2391 και
1336 2336 1633 2403 ἀνερέσθαι
1660 2337 1890 2400 τοῦτον,
1929 2335 1979 2385 εἰ

293 2418 523 2487 αἰσχρὸν
541 2416 746 2489 ἡγεῖται
766 2425 1104 2489 φιλοσοφίαν
1127 2417 1281 2473 εἶναι.
1303 2415 1339 2488 ἢ
1361 2416 1462 2472 οὐκ
1483 2415 1648 2471 οἶσθα
1660 2419 1876 2482 τοῦτον,
1892 2410 1976 2467 ὅτι

293 2501 742 2570 τραχηλιζόμενος
775 2502 865 2555 καὶ
903 2500 1306 2570 ἐμπιπλάμενος
1341 2501 1432 2555 καὶ
1468 2498 1764 2554 καθεύδων
1795 2496 1974 2550 πάντα
2023 2538 2028 2551 ,

294 2579 395 2636 τὸν
422 2587 547 2652 βίον
580 2585 967 2646 διατετέλεκεν;
1009 2581 1146 2637 ὥστε
1167 2583 1237 2636 σύ
1257 2587 1311 2636 τί
1326 2579 1498 2636 αὐτὸν
1520 2578 1633 2653 ᾆίου
1653 2578 1971 2663 ἀποκρινεῖ-

231 2678 264 2717 D
298 2671 431 2718 σθαι
450 2662 575 2718 ὅὶλλ’
594 2659 631 2734 η’
659 2662 743 2719 ὅτι
762 2664 990 2734 αἰσχρόν
1021 2667 1132 2719 ἐστι
1158 2670 1484 2734 φιλοσοφίας
1521 2657 1594 2732 ἦν
1613 2663 1671 2716 δὲ
1691 2662 1853 2723 οὗτος
1873 2658 1973 2728 μὲν
2024 2718 2028 2722 ,

293 2757 412 2800 τοῖν
434 2749 688 2817 ἐρασταῖν
709 2747 832 2816 περὶ
852 2745 1123 2816 μουσικὴν
1145 2745 1526 2816 διατετριφώς,
1549 2742 1577 2799 ὁ
1602 2741 1651 2798 δ’
1675 2744 1882 2810 ἕτερος,
1905 2737 1974 2795 ὃν
2019 2751 2028 2766 ⁴

289 2828 574 2900 ἐλοιδόρει,
597 2829 722 2899 περὶ
738 2828 1131 2900 γυμναστικήν.
1156 2839 1248 2883 καί
1266 2849 1359 2897 μοι
1379 2829 1528 2891 ἔδοξε
1545 2830 1742 2895 χρῆναι
1757 2822 1854 2878 τὸν
1873 2823 1974 2892 μὲν
2022 2902 2024 2906 .
