2028 3198
1463 0 1549 34 G„
1626 0 1635 25 ,-
1802 0 1975 26 2?

287 126 394 180 274
910 89 1456 172 HAATszzv02⁹
1571 114 1578 117 “
1660 176 1663 180 ,
1939 131 1971 175 4

290 265 453 331 ἐμοῦ,
485 255 618 327 μετὰ
646 259 747 309 τοῦ
775 259 921 309 θεοῦ
940 257 1142 324 μέντοι.
1203 259 1451 330 νεωτέρῳ
1482 258 1585 327 μὲν
1618 253 1722 314 οὖν
1741 257 1860 314 ὄντι
1879 272 1965 311 σοι

290 343 380 395 καὶ
398 341 528 407 πρὶν
545 335 816 406 τοσαύτης
835 338 1052 402 ἐλπίδος
1068 340 1254 408 γέμειν
1266 379 1280 407 ,
1321 335 1392 403 ὡς
1411 340 1528 408 ἐμοὶ
1552 343 1727 412 δοκεῖ,
1757 337 1861 396 οὐκ
1882 347 1965 395 εἶα

289 419 317 475 ὁ
350 417 486 484 θεὸς
515 419 894 487 διαλέγεσθαι,
931 420 1024 472 ἵνα
1051 417 1125 490 μὴ
1157 418 1338 490 μα’την
1358 422 1734 493 διαλεγοίμην·
1780 428 1887 476 νῦν
1907 423 1966 475 δὲ

174 514 260 558 106
293 505 460 571 ἐφῆκε
476 522 486 532 ·
524 505 634 554 νῦν
652 499 758 570 γὰρ
782 498 855 555 ἄν
873 521 983 570 μου
1001 498 1279 566 ἀκούσαις.

432 589 512 638 ΠΙ.
587 587 704 638 AA.
760 582 922 637 Πολύ
941 585 1006 652 γέ
1020 603 1131 653 μοι,
1154 577 1198 638 c3
1216 584 1539 654 Σώκρατες,
1558 590 1669 640 νῦν
1686 582 1965 640 ἀτοπώτε-

289 687 385 735 ρος
418 659 491 720 αὖ
524 671 733 734 φαίνει,
773 662 958 735 ἐπειδὴ
990 663 1137 735 ’ἤρξω
1158 666 1364 736 λέγειν,
1415 662 1451 736 ἢ
1472 663 1562 721 ὅτε
1591 673 1761 736 σιγῶν
1780 669 1961 721 εἵπου·

289 752 467 803 καίτοι
496 745 715 816 σφόδρα
743 767 807 816 γε
836 739 962 815 ἧσθ’
997 750 1135 801 ἰδεῖν
1173 748 1263 802 καὶ
1299 746 1422 801 τότε
1461 755 1723 812 τοιοῦτος.
1780 753 1830 803 εἰ
1864 746 1965 817 μὲν

290 822 393 885 οὖν
414 826 519 897 ἐγώ
540 833 714 881 ταῦτα
735 829 1063 896 διανοοῦμαι
1082 822 1118 898 ἦ
1138 827 1231 898 μή,
1255 826 1327 892 ὡς
1348 833 1507 897 ἔοικε,
1530 830 1844 900 διέγνωκας,
1874 829 1964 883 καὶ

288 909 387 967 ἐὰν
417 907 490 980 μὴ
524 914 641 979 φῶ,
682 906 850 963 οὐδέν
880 931 974 979 μοι
1004 913 1154 964 ἔσται
1184 911 1354 965 πλέον
1384 909 1520 979 πρὸς
1547 907 1608 966 τό
1639 915 1859 966 πείθειν
1885 926 1962 964 σε.

290 991 425 1048 εἶεν·
477 995 526 1046 εί
555 993 612 1046 δὲ
646 987 711 1060 δὴ
749 988 783 1044 ὅ
799 1011 851 1044 τι
871 989 1105 1060 μάλιστα
1124 997 1297 1046 ταῦτα
1318 991 1701 1062 διανενόημαι,
1739 997 1854 1055 πῶς
1873 989 1963 1045 διὰ

294 1079 399 1128 σοῦ
418 1092 510 1142 μοι
529 1074 678 1126 ἔσται
699 1070 791 1126 καὶ
810 1070 946 1126 ἄνευ
967 1078 1071 1126 σοῦ
1090 1070 1192 1127 οὐκ
1211 1068 1282 1127 ἂν
1299 1075 1514 1141 γένοιτο
1530 1115 1544 1141 ,
1567 1078 1699 1142 ἔχεις
1718 1074 1926 1142 λέγειν,

205 1171 237 1212 Β
435 1159 558 1209 ΣΩ.
609 1146 740 1222 ςἎρα
770 1155 972 1225 ἐρωτᾷς
1001 1162 1056 1209 εἴ
1078 1177 1199 1209 τινα
1228 1160 1330 1225 ἔχω
1349 1160 1521 1211 εἰπεῖν
1541 1154 1708 1224 λόγον
1727 1154 1960 1225 μακρόν,

291 1239 442 1299 οἵους
462 1231 527 1304 δὴ
551 1232 781 1289 ἀκούειν
803 1242 1034 1301 εἴθισαις
1074 1234 1142 1290 ού
1169 1236 1276 1306 γάρ
1307 1238 1421 1292 ἐστι
1447 1241 1703 1292 τοιοῦτον
1719 1234 1780 1291 τὸ
1802 1234 1960 1305 ἐμόν·

290 1315 404 1373 ἀλλ’
440 1319 787 1381 ἐνδείξασθαι
824 1320 926 1387 μέν
964 1332 1078 1386 σοι,
1123 1314 1194 1382 ὡς
1230 1310 1460 1391 ἐγῷμαι,
1509 1313 1625 1382 οἷός
1661 1315 1702 1372 τ’
1735 1314 1806 1372 ἂν
1845 1324 1962 1386 εἴην

290 1399 374 1454 ὅτι
403 1405 576 1454 ταῦτα
608 1396 785 1463 οὕτως
816 1402 947 1468 ἔχει,
986 1397 1084 1454 ἐὰν
1123 1401 1185 1454 ἓν
1217 1398 1395 1470 μόνον
1422 1421 1515 1471 μοι
1553 1400 1748 1471 ἐθέλῃς
1783 1394 1960 1470 βραχὺ

290 1479 647 1552 ὑπηρετῆσαι.

296 1611 337 1651 ³·
432 1569 549 1618 AA.
605 1561 740 1619 Ἀλλ’
762 1571 814 1619 εἰ
837 1585 899 1634 γε
932 1566 997 1634 δὴ
1028 1562 1101 1635 μὴ
1131 1564 1371 1634 χαλεπόν
1399 1586 1451 1618 τι
1480 1566 1652 1631 λέγεις
1670 1559 1731 1615 τό
1753 1558 1962 1631 ὑπηρέ-

287 1666 447 1715 τημα,
468 1645 655 1700 ἐθέλω.

429 1733 553 1783 ΣΩ.
601 1721 676 1782 Ἦ
696 1725 937 1797 χαλεπὸν
970 1732 1122 1783 δοκεῖ
1146 1726 1206 1783 τὸ
1237 1726 1638 1795 ἀποκρίνεσθαι
1655 1723 1722 1780 τοὶ
1745 1723 1956 1794 έρωτω’-

290 1829 457 1879 μενα,
1607 1829 1609 1832 ·

430 1889 691 1945 ΑΛ.οὐ
710 1891 963 1959 χαλεπόν.

430 1976 555 2025 ΣΩ.
614 1968 939 2052 Αποκρίνου
961 1970 1044 2040 δή.

344 2096 348 2099 -
430 2058 547 2108 ΑΛ.
599 2048 814 2122 Ἐρώτα.

431 2139 554 2189 ΣΩ.
613 2132 844 2189 Οὐκοῦν
868 2131 940 2198 ὡς
959 2134 1360 2203 διανοουμένου
1380 2148 1484 2186 σου
1500 2138 1673 2186 ταῦτα
1692 2135 1876 2203 ἐρωτῶ
1891 2175 1904 2202 ,
1924 2131 1963 2187 ἅ

202 2241 234 2283 0
291 2220 437 2287 φημί
450 2231 512 2270 σε
531 2218 900 2279 διανοεῖσθαι;

399 2303 547 2352 ΑΛ.
589 2296 785 2366 ”Εστω,
806 2301 858 2352 εί
871 2296 1078 2368 βούλει,
1101 2294 1293 2367 ούτως,
1310 2299 1403 2351 ἵνα
1422 2297 1512 2351 καὶ
1533 2293 1703 2351 είδω
1683 2294 1716 2350 ο’
1736 2316 1788 2350 τι
1807 2298 1960 2365 ἐρεῖς.
2023 2335 2028 2359 ,

431 2384 559 2433 ΣΩ.
618 2380 758 2448 Φέρε
780 2377 873 2449 δή·
911 2383 1125 2434 διανοεῖ
1136 2400 1270 2449 γαρ,
1304 2400 1376 2443 ως
1395 2377 1501 2447 ἐγώ
1522 2399 1687 2448 φημι,
1708 2379 1961 2446 παριέναι
2020 2387 2021 2390 ’

291 2459 727 2531 συμβουλεύσων
743 2457 1053 2531 Ἀθηναίοις
1064 2459 1216 2523 ἐντὸς
1236 2459 1304 2514 ού
1317 2467 1528 2515 πολλοῦ
1539 2458 1769 2531 χρόνου’
1791 2464 1842 2514 εί
1857 2461 1960 2513 οὐν

290 2540 584 2614 μέλλοντός
614 2557 719 2595 σου
746 2544 887 2597 ἰέναι
916 2543 1001 2597 ἐπὶ
1030 2540 1090 2597 τὸ
1123 2547 1273 2613 βῆμα
1303 2542 1608 2612 λαβόμενος
1637 2543 1884 2610 ἐροίμην·
1917 2562 1956 2593 ω
2021 2576 2028 2587 η

284 2621 592 2694 Ἀλκιβιάδη
605 2665 620 2693 ,
635 2623 818 2694 ἐπειδὴ
834 2626 957 2695 περὶ
977 2628 1124 2687 τίνος
1142 2623 1425 2694 Ἀθηναῖοι
1448 2626 1800 2677 διανοοῦνται
1818 2626 1957 2690 βου-

291 2705 581 2773 λεύεσθαι,
611 2704 900 2760 ανίστασαι
930 2705 1392 2777 συμβουλεύσων;
1426 2699 1509 2774 αρ’
1530 2702 1715 2771 ἐπειδὴ
1736 2703 1858 2770 περὶ
1877 2723 1957 2755 coz
1991 2751 2000 2755 ,

293 2785 362 2840 σὺ
385 2788 665 2841 ἐπίστασαι
684 2782 956 2857 βέλτιονή
976 2781 1156 2854 οὗτοι;
1182 2794 1235 2841 τί
1253 2809 1324 2841 αν
1343 2785 1695 2856 ἅποκρίναιο;
