2028 3198
293 91 398 143 226
893 93 1066 138 HAA
1085 91 1189 137 1⁷52
1205 91 1371 139 ΝοΣ
1908 100 1968 145 33

294 234 514 298 πάντως
536 239 696 296 θείας
724 232 865 287 εἶναι
889 233 983 288 καὶ
1005 235 1216 304 μακρᾶς
1240 235 1572 304 διηγησεως,
1613 225 1657 308 ᾧ
1682 233 1742 289 δὲ
1767 240 1965 304 ἔοικεν,

293 316 655 391 ἀνθρωπίνης
671 339 730 372 τε
747 318 841 374 καὶ
857 317 1169 383 ἐλάττονος·
1188 316 1359 390 ταύτῃ
1375 319 1479 373 οὐν
1496 319 1757 390 λέγωμεν.
1795 321 1965 376 ἐοικέ-

291 425 368 459 τω
395 401 462 475 δὴ
487 401 756 477 ξυμφύτω
782 402 1017 475 δυνάμει
1040 399 1356 475 ὑποπτέρου
1381 401 1607 474 ζεύγους
1629 425 1688 459 τε
1703 406 1797 459 καὶ
1813 400 1964 475 ἡνιό-

290 510 406 559 χου.
451 493 608 544 θεῶν
630 487 733 560 μὲν
757 479 860 543 οὖν
882 491 1042 544 ἵπποι
1068 510 1127 543 τε
1151 489 1243 543 καὶ
1260 485 1477 559 ἡνίοχοι
1500 487 1702 554 πάντες
1726 486 1890 545 αὐτοί
1907 511 1966 544 τε

228 594 262 634 Β
294 570 500 645 ἀγαθοὶ
536 574 629 630 καὶ
662 576 716 640 ἐξ
751 569 1012 644 ἀγαθῶν,
1047 571 1107 628 τὸ
1135 571 1196 628 δὲ
1217 576 1329 628 τῶν
1353 569 1538 629 ἄλλων
1560 575 1838 646 μέμικται·
1874 575 1966 629 καὶ

290 658 513 730 πρῶτον
537 659 641 731 μὲν
665 655 821 730 ἡμῶν
844 655 873 714 ὁ
899 655 1087 730 ἅρχων
1109 660 1416 730 ξυνωρίδος
1438 654 1675 730 ἡνιοχεῖ,
1714 659 1830 715 εἶτα
1855 662 1966 714 τῶν

289 748 479 799 ἵππων
502 740 531 800 ὁ
555 745 658 817 μὲν
683 739 837 818 αύτῷ
860 743 1026 808 καλός
1049 766 1106 799 τε
1125 745 1217 799 καὶ
1241 741 1455 815 ἀγαθὸς
1480 746 1571 799 καὶ
1598 745 1657 799 ἐκ
1680 743 1964 815 τοιούτων,

290 825 319 884 ὁ
339 829 399 885 δὲ
419 831 473 896 ἐξ
498 833 770 886 ἐναντίων
786 852 842 885 τε
860 830 953 885 καὶ
971 832 1221 894 ἐναντίος
1235 846 1247 858 ·
1272 828 1483 900 χαλεπὴ
1503 826 1570 901 δὴ
1591 829 1681 884 καὶ
1700 828 1967 893 δύσκολος

292 916 347 982 ἐξ
370 911 612 987 ἀνάγκης
635 912 812 987 ἡπερὶ
836 911 974 986 ἡμᾶς
998 911 1291 986 ἡνιόχησις.
1331 918 1411 987 πῇ
1436 911 1503 986 δὴ
1527 906 1631 969 οὖν
1645 912 1860 987 θνητὸν
1874 915 1968 970 καὶ

292 996 578 1056 ἀθάνατον
602 1004 739 1069 ζῶον
764 999 1000 1071 ἐκλήθη,
1033 1001 1324 1071 πειρατέον
1350 1005 1542 1055 εἰπεῖν.
1589 1002 1738 1055 πᾶσα
1763 997 1795 1071 ἡ
1819 997 1967 1070 ψυχὴ

292 1083 495 1150 παντὸς
519 1088 857 1157 ἐπιμελεῖται
881 1088 979 1140 τοῦ
1003 1082 1239 1157 ἀψύχου,
1265 1083 1445 1140 πάντα
1467 1084 1526 1140 δὲ
1544 1081 1787 1154 οὐρανὸν
1810 1106 1964 1155 περι-

292 1178 477 1241 πολεῖ,
503 1167 691 1226 ἄλλοτ’
720 1174 781 1227 ἐν
805 1168 989 1234 ἄλλοις
1016 1175 1186 1226 εἴδεσι
1207 1172 1508 1242 γιγνομένη
1524 1185 1535 1196 ·
1559 1171 1717 1225 τελέα
1739 1170 1841 1241 μὲν
1863 1161 1965 1224 οὖν

233 1273 265 1315 C
294 1247 434 1311 οὖσα
455 1258 548 1312 καὶ
572 1258 922 1328 ἐπτερωμένη
947 1268 1352 1327 μετεωροπορεῖ
1366 1277 1425 1310 τε
1448 1255 1540 1310 καὶ
1558 1253 1738 1310 πάντα
1752 1253 1850 1310 τὸν
1873 1252 1965 1310 κό-

295 1357 434 1413 σμον
447 1345 670 1397 διοικεῖ·
689 1338 722 1413 ἡ
739 1341 798 1397 δὲ
811 1340 1268 1414 πτερορρυήσασα
1282 1342 1527 1413 φέρεται,
1544 1343 1645 1405 ἕως
1658 1336 1729 1396 ἀν
1739 1342 1969 1411 στερεοῦ

294 1424 441 1491 τινὸς
465 1424 850 1499 ἀντιλάβηται,
887 1418 956 1482 οὗ
986 1435 1429 1496 κατοικισθεῖσα,
1465 1429 1620 1498 σῶμα
1652 1425 1847 1497 γήϊνον
1870 1431 1965 1480 λα-
2024 1470 2026 1473 ,

294 1515 491 1583 βοῦσα,
517 1508 651 1568 αὐτὸ
667 1509 802 1568 αὑτὸ
821 1514 1028 1567 δοκοῦν
1050 1524 1229 1568 κινεῖν
1252 1510 1343 1567 διὰ
1364 1509 1465 1583 τὴν
1480 1514 1691 1582 ἐκείνης
1707 1510 1964 1582 δύναμιν,

296 1600 437 1664 ζῶον
462 1596 521 1653 τὸ
546 1596 767 1669 ξύμπαν
792 1596 1000 1669 ἐκλήθη
1017 1641 1030 1667 ,
1057 1594 1204 1669 ψυχὴ
1227 1598 1319 1653 καὶ
1343 1600 1499 1668 σῶμα
1523 1598 1728 1667 παγέν,
1754 1594 1968 1667 θνητόν

292 1681 335 1737 τ’
371 1688 528 1754 ἔσχεν
553 1686 875 1755 ἐπωνυμίαν
892 1699 903 1710 ·
929 1679 1214 1738 ἀθάνατον
1240 1682 1300 1738 δὲ
1322 1678 1441 1738 οὐδ’
1467 1684 1520 1749 ἐξ
1540 1679 1660 1746 ἑνὸς
1685 1680 1853 1753 λόγου
1877 1687 1964 1736 λε-

292 1770 653 1839 λογισμένου,
689 1765 827 1824 ἀλλὰ
846 1767 1155 1840 πλάττομεν
1189 1764 1329 1823 οὔτε
1353 1765 1565 1831 ἰδόντες
1602 1764 1729 1823 οὔτε
1766 1769 1968 1830 ἱκανῶς

231 1864 267 1904 D
299 1850 596 1922 νοήσαντες
609 1852 765 1922 θεόν,
791 1850 1076 1908 ἀθάνατόν
1094 1876 1145 1908 τι
1160 1856 1316 1923 ζῶον,
1344 1858 1468 1924 ἔχον
1491 1852 1593 1924 μὲν
1617 1851 1818 1923 ψυχήν,
1843 1857 1968 1923 ἔχον

295 1936 355 1992 δὲ
378 1940 561 2009 σῶμα,
599 1935 697 1993 τὸν
721 1934 807 1992 ἀεὶ
834 1938 894 1993 δὲ
917 1937 1118 2009 χρόνον
1151 1940 1323 1992 ταῦτα
1359 1936 1768 2008 ξυμπεφυκότα.
1829 1934 1967 1991 ἀλλὰ

292 2025 464 2077 ταῦτα
487 2022 590 2094 μὲν
617 2022 702 2095 δή,
728 2019 837 2095 ὅπῃ
854 2026 933 2097 τῷ
954 2026 1075 2097 θεῷ
1091 2028 1275 2093 φίλον,
1300 2021 1472 2093 ταύτῃ
1491 2023 1654 2091 ἐχέτω
1678 2043 1737 2076 τε
1761 2022 1854 2076 καὶ
1877 2027 1964 2075 λε-

293 2108 508 2177 γέσθω·
541 2106 644 2180 τὴν
669 2104 722 2163 δ’
750 2113 934 2164 αἰτίαν
957 2111 1050 2180 τῆς
1073 2130 1186 2163 των
1208 2127 1427 2178 πτερων
1450 2103 1726 2177 ἀποβολῆς
1742 2148 1756 2175 ,
1795 2102 1870 2160 δι’
1897 2102 1967 2176 ἣν

295 2195 471 2263 ψυχῆς
494 2190 755 2266 ἀπορρεῖ,
781 2192 1054 2265 λάβωμεν.
1102 2198 1216 2249 ἔστι
1243 2194 1308 2248 δέ
1321 2214 1401 2256 τις
1425 2190 1626 2247 τοιάδε.

437 2287 606 2336 XXVI.
665 2281 934 2350 Πέφυκεν
988 2275 1022 2350 ἡ
1067 2281 1274 2350 πτεροῦ
1319 2276 1554 2349 δύναμις
1597 2274 1657 2331 τὸ
1705 2275 1967 2348 ἐμβριθὲς

293 2360 452 2433 άγειν
476 2361 592 2418 ἅνω
616 2371 1034 2437 μετεωρίζουσα,
1060 2364 1095 2436 ᾐ
1121 2362 1181 2418 τὸ
1206 2386 1318 2418 των
1340 2365 1495 2418 θεων
1512 2363 1671 2433 γένος
1685 2365 1851 2417 οἰκεῖ·
1875 2382 1965 2415 κε-

294 2471 602 2520 κοινωνηκε
639 2451 705 2505 δέ
734 2470 810 2521 πῃ
846 2449 1080 2521 μάλιστα
1114 2471 1226 2504 των
1262 2449 1389 2520 περὶ
1420 2446 1480 2503 τὸ
1504 2463 1660 2518 σωμα
1683 2449 1783 2501 τοῦ
1804 2450 1967 2500 θείου
2025 2457 2028 2463 “

234 2551 267 2592 Ε
296 2531 500 2605 [ψυχή].
546 2531 607 2588 τὸ
635 2533 695 2588 δὲ
719 2543 882 2590 θεῖον
905 2533 1095 2604 καλόν,
1124 2533 1320 2605 σοφόν,
1346 2531 1582 2605 ἀγαθόν,
1610 2532 1702 2587 καὶ
1726 2533 1840 2586 πᾶν
1861 2526 1893 2583 ὅ
1914 2552 1966 2584 τι
2026 2605 2028 2609 Ι

296 2622 574 2676 τοιοῦτον·
598 2618 812 2683 τούτοις
834 2617 902 2691 δὴ
925 2622 1189 2692 τρέφεταί
1207 2642 1265 2675 τε
1290 2620 1382 2674 καὶ
1406 2616 1626 2685 αὔξεται
1648 2609 1881 2688 μάλιστά
1907 2635 1968 2682 γε

297 2703 356 2760 τὸ
375 2708 470 2776 τῆς
487 2706 665 2776 ψυχῆς
683 2706 959 2776 πτέρωμα,
979 2707 1190 2779 αἰσχρῷ
1207 2704 1267 2760 δὲ
1285 2705 1377 2759 καὶ
1393 2706 1547 2776 κακῷ
1568 2701 1659 2756 καὶ
1672 2712 1784 2762 τοῖς
1803 2700 1953 2753 ἐναν-

297 2796 432 2854 τίοις
459 2795 657 2860 φθίνει
680 2812 739 2845 τε
761 2791 854 2845 καὶ
881 2788 1177 2845 διόλλυται.
1202 2786 1231 2844 ὃ
1255 2789 1357 2861 μὲν
1383 2786 1451 2858 δὴ
1473 2788 1640 2858 μέγας
1662 2779 1882 2855 ἡγεμών
1906 2785 1969 2839 ἐν

297 2869 524 2950 οὐρανῷ
539 2873 697 2944 Ζεύς,
724 2873 976 2931 ἐλαύνων
995 2873 1205 2946 πτηνὸν
1229 2871 1392 2946 ἅρμα,
1426 2873 1638 2943 πρῶτος
1652 2867 1964 2941 πορεύεται,
2018 2915 2023 2917 .
