2028 3198
231 139 335 190 260
828 140 1305 188 ΠΛΑΤΩΝΟΣ
1828 153 1912 195 122

371 279 496 328 ΣΩ.
547 269 754 343 Ἀληθῆ
783 274 971 342 λέγεις.
1013 272 1218 328 τούτου
1245 295 1329 329 τοι
1362 275 1526 330 ἕνεκα
1566 274 1668 347 χρὴ
1707 277 1915 342 πάντας

231 354 360 418 τοὺς
379 353 624 423 λόγους’
600 354 717 409 άνω
739 356 830 408 καὶ
854 353 1001 408 κάτω
1021 358 1466 428 μεταστρέφοντα
1486 360 1832 430 ἐπισκοπεῖν,
1867 367 1920 415 εἰ·

174 457 206 499 c
232 441 310 499 τίς
331 454 406 535 πη
426 435 581 509 ράων
600 439 690 491 καὶ
709 439 1018 507 βραχυτέρα
1038 444 1292 507 φαίνεται
1308 436 1394 497 ἐπ’
1429 439 1606 512 αὐτὴν
1624 438 1784 511 ὁδός,
1822 444 1915 519 ἵνα

231 516 303 587 μὴ
325 517 505 588 μάτην
531 517 743 590 πολλὴν
768 522 896 590 αἱρῇ
926 521 1018 574 καὶ
1037 534 1319 593 τραχεῖαν,
1359 521 1484 588 ἐξὸν
1514 521 1707 594 ὀλίγην
1735 545 1793 578 τε
1823 523 1915 578 καὶ

229 603 396 653 λειαν.
437 597 558 654 ἀλλ’
595 609 651 656 εἴ
672 601 795 656 τινά
824 621 899 672 πη
918 602 1191 672 βοήθειαν
1209 605 1389 673 ἔχεις’
1362 602 1680 674 επακηκοώς
1698 610 1914 661 Λυσίου

228 681 263 751 ἥ
283 702 432 745 τινος
452 681 644 754 ἄλλου,
665 689 841 752 πειρῶ
860 686 1042 753 λέγειν
1059 682 1627 756 ἆναμιμνησκόμενος.

373 782 521 832 ΦΑΙ.
568 777 765 834 Ἕνεκα
785 779 888 849 μὲν
908 786 1097 851 πείρας
1116 780 1288 851 ἔχοιμ’
1311 779 1409 851 ἄν,
1448 779 1569 835 ἄλλ’
1593 779 1715 836 οὔτι
1740 787 1846 836 νῦν
1863 779 1908 851 γ’

232 858 409 924 ούτως
429 865 547 930 ἔχω.

366 960 493 1010 ΣΩ.
552 956 753 1012 Βούλει
773 951 876 1013 οὖν
895 956 1002 1027 ε’γω’
1020 956 1129 1011 τιν’
1161 966 1295 1013 εἴπω
1324 959 1521 1028 λόγον,
1554 955 1621 1012 ὂν
1650 964 1761 1012 τῶν
1789 959 1912 1025 περὶ

232 1037 403 1091 ταῦτά
424 1059 593 1093 τινων
611 1037 849 1109 ἀκήκοας

377 1124 528 1174 ΦΑΙ.
588 1127 656 1176 Τί
668 1121 805 1192 μήν;

373 1221 498 1270 Σῼ.
552 1218 782 1286 Λέγεται
801 1225 968 1288 γοῦν,
1003 1210 1047 1271 ὦ
1067 1219 1303 1286 Φαῖδρε,
1342 1218 1559 1270 δίκαιον
1579 1215 1716 1271 εἶναι
1738 1216 1908 1273 καὶτὸ

231 1302 332 1350 τοῦ
351 1296 527 1352 λύκου
547 1303 732 1354 εἰπεῖν.

164 1417 198 1457 1)
373 1398 523 1448 ΦΑΙ.
578 1397 686 1450 Καὶ
708 1394 778 1449 σύ
800 1418 861 1466 γε
883 1394 1030 1449 οὕτω
1052 1400 1207 1449 ποίει.

373 1495 525 1546 LVII.
597 1496 722 1546 ΣΩ.
796 1492 938 1545 Φασὶ
975 1495 1168 1545 τοίνυν
1203 1487 1370 1545 οὐδὲν
1406 1487 1551 1544 οὕτω
1585 1497 1757 1545 ταῦτα
1796 1495 1910 1545 δεῖν

232 1572 529 1642 σεμνύνειν
557 1570 683 1627 οὐδ’
715 1570 944 1643 ἀνάγειν
972 1571 1089 1627 ἄνω
1127 1569 1348 1642 μακρὰν
1382 1575 1910 1643 περιβαλλομένους·

231 1654 550 1709 παντάπασι
578 1654 715 1725 γάρ,
757 1652 789 1709 ὂ
817 1655 907 1710 καὶ
935 1652 1056 1709 κατ’
1081 1652 1249 1724 ἀρχὰς
1268 1661 1495 1723 εἴπομεν
1512 1657 1674 1709 τοῦδε
1692 1660 1796 1709 τοῦ
1815 1654 1912 1708 λό-

230 1758 337 1806 γου
351 1779 366 1806 ,
402 1734 487 1791 ὅτι
507 1735 674 1793 οὐδὲν
694 1735 958 1808 ἀληθείας
974 1738 1216 1808 μετέχειν
1238 1737 1349 1791 δέοι
1370 1739 1600 1791 δικαίων
1623 1733 1659 1807 ἢ
1677 1735 1912 1807 ἀγαθῶν

230 1820 353 1887 πέρι
385 1820 751 1889 πραγμάτων,
790 1816 827 1888 ἦ
859 1821 950 1874 καὶ
978 1817 1303 1887 ἀνθρώπων
1340 1841 1402 1889 γε
1440 1818 1709 1874 τοιούτων
1748 1818 1914 1889 φύσει

231 1898 414 1955 ὄντων
431 1896 468 1970 ἢ
488 1907 695 1972 τροφῇ,
723 1899 822 1954 τὸν
841 1904 1109 1970 μέλλοντα
1129 1904 1333 1965 ἱκανῶς
1356 1899 1651 1972 ῥητορικὸν
1669 1906 1910 1957 ἔσεσθαι.

227 1979 288 2036 τὸ
322 1980 584 2050 παράπαν
613 1980 721 2052 γὰρ
753 1980 919 2037 οὐδὲν
940 1983 1001 2036 έν
1019 1993 1131 2046 τοῖς
1162 1986 1526 2053 δικαστηρίοις
1543 1983 1757 2036 τούτων
1776 1981 1910 2052 άλη-

168 2090 203 2130 Ε
232 2070 390 2128 θείας
409 2067 594 2134 μέλειν
614 2062 828 2135 οὐδενί,
850 2061 988 2120 ἄλλα
1007 2069 1109 2118 τοῦ
1125 2069 1373 2118 πιθανοῦ
1388 2085 1399 2096 ·
1426 2071 1589 2119 τοῦτο
1613 2061 1663 2119 δ’
1688 2061 1830 2119 εἶναι
1849 2063 1908 2118 τὸ

233 2149 406 2219 εἰκός,
445 2171 487 2221 ῳ
521 2152 637 2203 δεῖν
669 2150 957 2219 προσέχειν
987 2144 1086 2200 τὸν
1113 2147 1382 2216 μέλλοντα
1401 2148 1564 2217 τέχνῃ
1583 2148 1742 2215 ἐρεῖν.
1783 2143 1912 2202 ούδε

229 2230 337 2302 γὰρ
370 2254 442 2286 αυ
471 2254 536 2286 τα
568 2233 887 2301 πραχθέντα
918 2232 1034 2284 δεῖν
1063 2232 1242 2298 λέγειν
1263 2231 1501 2298 ἐνίοτε,’
1475 2228 1573 2283 εὰν
1592 2226 1664 2299 μὴ
1688 2228 1913 2294 εἰκότως

228 2317 264 2387 ᾗ
287 2315 671 2384 πεπραγμένα,
711 2311 849 2368 ἄλλα
868 2335 934 2367 τα
955 2313 1163 2381 εἰκότα,
1184 2314 1246 2365 ἔν
1263 2331 1321 2364 τε
1339 2318 1639 2383 κατηγορίᾳ
1659 2311 1749 2365 καὶ
1771 2307 1912 2364 ἀπο-

230 2401 415 2468 λογία·
454 2398 545 2450 καὶ
574 2396 792 2461 πάντως
819 2397 1051 2466 λέγοντα
1080 2392 1140 2447 τὸ
1174 2390 1240 2462 δὴ
1272 2390 1417 2456 εἰκὸς
1455 2396 1717 2448 διωκτέον
1753 2392 1908 2463 εἶναι,

113 2499 200 2544 273
230 2476 405 2532 πολλοὶ
426 2476 651 2532 εἰπόντα
669 2483 880 2548 χαίρειν
899 2484 976 2552 τῷ
993 2474 1198 2545 ἀληθεῖ
1207 2495 1216 2504 ·
1254 2479 1417 2528 τοῦτο
1445 2472 1552 2544 γάρ
1585 2475 1674 2529 διὰ
1705 2472 1911 2538 παντὸς

229 2566 330 2614 τοῦ
349 2558 523 2629 λόγου
542 2560 879 2630 γιγνόμενον
898 2557 1002 2628 τὴν
1021 2556 1243 2613 ἅπασαν
1261 2558 1458 2628 τέχνην
1477 2562 1732 2626 πορίζειν.

372 2659 521 2708 ΦΑΙ.
578 2653 739 2709 Αύτά
754 2677 831 2725 γε,
857 2649 900 2710 ὦ
916 2654 1227 2724 Σώκρατες,
1251 2652 1581 2724 διελήλυθας
1599 2651 1634 2709 ὁὶ
1653 2658 1910 2724 λέγουσιν

229 2740 288 2791 οἶ
313 2736 438 2804 περὶ
465 2733 595 2799 τοὺς
623 2736 823 2805 λόγους
851 2739 1087 2806 τεχνικοὶ
1114 2735 1583 2806 προσποιούμενοι
1603 2735 1757 2790 εἶναι.
1778 2734 1908 2792 ἀνε-

232 2818 494 2887 μνήσθην
529 2815 635 2887 γάρ
667 2816 751 2873 ὅτι
788 2820 846 2872 ἐν
875 2825 952 2890 τῷ
981 2818 1236 2887 πρόσθεν
1261 2819 1505 2889 βραχέως
1531 2824 1634 2872 τοῦ
1649 2819 1908 2875 τοιούτου
