2028 3198
73 140 135 187 69
404 131 957 182 ΑΛΚΙΒΙΑΔΗΣ
988 129 1439 180 ΔΕΥΤΕΡΟΣ.
1655 127 1759 180 339
1839 199 1847 207 ἡ

217 273 337 325 ΑΛ.
385 265 758 338 Ἀληθέστατα
776 267 963 333 λέγεις.

215 354 279 406 Χ.
352 353 477 405 ΣΩ.
524 344 685 418 Ὁρᾷς
722 338 854 415 οὖν,
900 344 993 402 ὅτε
1029 350 1173 417 ἔφην
1209 346 1564 402 κινδυνεύειν
1600 345 1662 402 τό
1697 346 1780 417 γε’

78 437 189 487 τῶν
217 429 406 486 ἄλλων
432 431 748 499 ἐπιστημῶν
775 433 982 499 κτῆμα,
1020 429 1118 484 ε’άν
1149 450 1228 493 τις
1245 425 1386 484 ἄνευ
1402 435 1498 500 τῆς
1514 435 1617 485 τοῦ
1634 434 1764 501 βελ-

78 519 264 568 τίστου
298 511 592 582 ἐπιστήμης
632 513 961 582 κεκτημένος
997 504 1058 583 ᾗ,
1097 509 1340 581 ὀλιγάκις
1369 511 1472 582 μὲν
1505 508 1757 583 ῶφελεῐν,
1790 528 1825 569 Ε

77 594 344 665 βλάπτειν
365 594 423 651 δὲ
443 593 508 649 τὰ
530 600 698 648 πλείω
716 591 818 648 τὸν
847 591 1023 663 ἔχοντ’
1060 590 1196 649 αὐτό
1209 634 1224 663 ,
1265 587 1359 664 ἆρ’
1392 592 1512 665 οὐχὶ
1537 601 1617 668 τῷ
1642 593 1763 650 ὄντι

79 674 268 747 ὀρθῶς
286 676 601 746 ἐφαινόμην
620 677 822 746 λέγων;

222 763 339 815 ΑΛ.
396 759 502 813 Καὶ
544 763 594 813 εί
630 756 703 828 μὴ
725 757 872 835 τότε,
910 756 1048 812 ἀλλὰ
1087 764 1194 813 νῦν
1231 778 1325 828 μοι
1346 761 1518 827 δοκεῖ,
1559 750 1604 812 ῶ
1633 756 1764 813 Σῶ-

79 861 290 909 κρατες.

221 929 344 978 Σ-ῼ.
401 930 508 976 Δεῖ
532 920 639 992 ἄρα
668 924 758 977 καὶ
792 922 957 976 πόλιν
984 922 1074 975 καὶ
1104 920 1287 991 ψυχὴν
1322 920 1424 992 τὴν
1451 926 1764 992 μέλλουσαν

80 1002 269 1071 ὀρθῶς
286 1003 593 1074 βιώσεσθαι
614 1002 813 1074 ταύτης
832 1009 926 1074 τῆς
946 1003 1244 1074 ἐπιστήμης
1263 1000 1617 1074 ἀντέχεσθαι,
1638 1004 1764 1058 ἄτε-

0 1100 3 1156 j
78 1093 223 1157 χνῶς
250 1085 436 1156 ῶσπερ
466 1084 820 1142 ἀσθενοῦντα
849 1091 1044 1155 ἰατροῦ
1070 1086 1105 1157 ἦ
1134 1108 1281 1151 τινος
1299 1086 1645 1159 κυβερνήτου
1664 1084 1764 1142 τὸν

80 1166 344 1238 ἀσφαλῶς
377 1172 646 1238 μέλλοντα
686 1174 857 1223 πλεῖν.
900 1167 1038 1223 ἄνευ
1056 1166 1164 1238 γὰρ
1185 1168 1412 1239 ταύτης,
1443 1167 1662 1243 ὅσῳπερ
1694 1165 1766 1224 ἂν
1800 1181 1876 1226 147

0 1313 4 1331 ,ἡ
81 1250 463 1319 λαμπρότερον
479 1251 744 1321 έπουρίσῃ
759 1247 819 1305 τὸ
837 1257 933 1321 τῆς
951 1250 1114 1320 τύχης
1134 1245 1305 1320 ἦπερὶ
1319 1249 1612 1322 χρημάτων
1631 1256 1763 1321 κτῆ-

0 1387 3 1398 ,
83 1350 171 1387 σιν
204 1327 237 1402 ἢ
266 1331 516 1402 σώματος
545 1331 738 1402 ῥώμην
766 1327 802 1403 ἦ
830 1333 920 1387 καὶ
951 1331 1088 1387 ἄλλο
1119 1354 1169 1386 τι
1199 1337 1311 1387 τῶν
1340 1331 1637 1402 τοιούτων,
1670 1354 1764 1387 το·-

0 1430 1 1443 ³
82 1413 264 1487 σούτςο
284 1418 446 1483 μείζω
470 1411 828 1484 ἁμαρτήματα
845 1412 944 1469 ἀπ’
968 1411 1154 1468 αὐτῶν
1174 1411 1482 1484 ἀναγκαῖόν
1501 1417 1666 1484 ἐστιν,
1690 1410 1763 1478 ῶς

81 1500 223 1551 ἔοικε
239 1537 253 1563 ,
284 1502 593 1565 γίγνεσθαι.
636 1493 665 1550 ὁ
689 1496 747 1551 δὲ
767 1495 834 1567 δὴ
855 1494 956 1566 τὴν
976 1499 1324 1567 καλουμένην
1342 1502 1687 1568 φιλομαθίαν
1704 1517 1763 1551 τε

82 1579 172 1633 καὶ
202 1583 565 1648 πολυτεχνιάν
596 1580 953 1648 κεκτημένος,
998 1576 1248 1647 ὀρφανὸς
1269 1581 1326 1633 δὲ
1347 1577 1428 1634 ῶν
1447 1579 1650 1650 ταύτης
1669 1585 1765 1650 τῆς

82 1659 379 1730 ἐπιστήμης
393 1702 406 1727 ,
430 1658 702 1731 ἀγόμενος
721 1660 779 1716 δὲ
799 1658 908 1715 ὑπὸ
929 1666 1056 1731 μιᾶς
1074 1659 1303 1731 ἑκάστης
1324 1667 1438 1716 τῶν
1456 1659 1660 1731 ἄλλων,
1680 1654 1761 1731 ἆρ’

82 1740 204 1812 οὐχὶ
223 1747 298 1814 τῷ
320 1740 439 1798 ὄντι
459 1745 680 1807 δικαίως
700 1748 884 1816 πολλῷ
906 1749 1129 1813 χειμῶνι
1148 1743 1433 1815 χρήσεται,
1458 1742 1566 1812 ἅτ’,
1597 1742 1761 1815 οἶμαι,

83 1826 223 1881 ἄνευ
242 1825 589 1897 κυβερνήτου
610 1828 876 1882 διατελῶν
895 1829 957 1882 ἐν
975 1826 1216 1896 πελάγει,
1236 1825 1440 1896 χρόνον
1460 1825 1529 1882 ού
1548 1824 1764 1897 μακρὸν

81 1913 210 1979 βίου
226 1910 406 1973 &imm
429 1906 566 1963 ὥστε
588 1911 910 1981 ξυμβαίνειν
929 1931 1022 1980 μοι
1043 1913 1197 1965 δοκεῖ
1210 1911 1299 1964 καὶ
1317 1911 1563 1966 ἐνταῦθα
1582 1906 1643 1965 τὸ
1664 1916 1766 1964 τοῦ
1797 1920 1830 1960 Β

81 1996 342 2060 ποιητοῦ,
366 1986 396 2046 ὃ
413 1995 557 2061 λέγει
578 1997 902 2062 κατηγορῶν
921 1991 1031 2047 πού
1051 2014 1199 2056 τινος
1212 2034 1225 2060 ,
1249 1989 1322 2057 ῶς
1341 1991 1448 2060 ἄρα
1469 1989 1644 2047 πολλοὶ
1663 1990 1765 2062 μὲν

82 2070 343 2143 ἠπίστατο
364 2076 494 2143 ἔργα
507 2115 524 2144 ,
545 2079 727 2139 κακῶς
746 2076 811 2130 δέ
820 2117 833 2142 ,
857 2079 1056 2145 φησίν,
1077 2073 1338 2145 ἠπίστατο
1358 2073 1552 2129 πάντα.

224 2159 338 2209 ΑΛ.
398 2156 503 2210 Καὶ
533 2161 587 2210 τί
621 2156 689 2226 δή
719 2176 850 2211 ποτε
880 2158 1163 2227 ξυμβαίνει
1191 2155 1252 2212 τὸ
1287 2161 1388 2211 τοῦ
1423 2159 1681 2227 ποιητοῦ,
1721 2148 1766 2210 ὦ

83 2236 401 2306 &inputem
442 2239 558 2307 ἐμοὶ
589 2236 690 2307 μὲν
719 2236 825 2307 γὰρ
858 2235 983 2291 οὐδ’
1016 2235 1207 2293 ὁτιοῦν
1237 2242 1388 2295 δοκεῖ
1422 2236 1560 2308 πρὸς
1596 2236 1766 2308 λόγον

84 2320 372 2389 εἰρηκέναι.

224 2405 345 2457 ΣΩ.
406 2403 514 2457 Καὶ
542 2400 685 2471 μάλα
719 2422 778 2470 γε
809 2400 947 2471 πρὸς
977 2401 1168 2472 λόγον·
1207 2400 1329 2458 ἀλλ’
1366 2406 1683 2473 αἰνίττεται,
1722 2397 1764 2458 ῶ

36 2507 46 2551 ;
83 2490 341 2555 βέλτιστε,
364 2484 455 2539 καὶ
474 2475 635 2548 οὗτος
658 2484 750 2539 καὶ
768 2486 824 2540 οἱ
842 2483 999 2540 ἄλλοι
1019 2485 1075 2541 δὲ
1096 2486 1313 2557 ποιηταὶ
1332 2485 1531 2556 σχεδόν
1550 2508 1601 2542 τι
1621 2486 1764 2541 πάν-

0 2583 1 2586 ’
39 2567 51 2607 ἶ
82 2587 182 2633 τες.
223 2571 337 2623 ἔστι
364 2587 420 2622 τε
451 2588 557 2637 γαρ
579 2567 744 2637 φύσει
764 2566 1014 2638 ποιητικὴ
1034 2565 1067 2639 ἡ
1087 2569 1343 2638 ξύμπασα
1363 2567 1765 2639 αἰνιγματῶδης

0 2699 9 2714 ,Ἴ
46 2659 50 2662 ’
81 2650 172 2705 καὶ
205 2646 275 2704 ού
294 2653 393 2704 τοῦ
422 2646 827 2718 προστυχόντος
854 2646 1057 2718 ἀνδρὸς
1084 2656 1378 2719 γνωρίσαι·
1423 2653 1499 2704 ἔτι
1537 2649 1595 2706 δὲ
1627 2648 1764 2718 πρὸς
1795 2662 1828 2706 0

4 2788 10 2811 ,ι
84 2738 160 2805 τῷ
180 2733 348 2803 φύσει
371 2731 631 2802 τοιαύτην
652 2729 816 2800 εἶναι,
839 2730 973 2787 ὅταν
995 2732 1226 2805 λα’βηται
1247 2730 1450 2802 ἀνδρὸς
1470 2738 1761 2804 φθονεροῦ

0 2852 3 2859 ·
86 2834 141 2869 τε
173 2816 260 2869 καὶ
290 2810 364 2885 μὴ
395 2814 743 2885 βουλομένου
778 2810 905 2885 ἡμῖν
933 2816 1323 2871 ἐνδείκνυσθαι
1350 2812 1472 2870 ἀλλ’
1508 2811 1761 2885 ἀποκρύ-

1413 2892 1506 2939 22*
