2028 3198
243 28 257 35 -
292 0 1018 41 .{-³·⁷,1‘3=·2¹?5z«²2*·-1*12⁴÷⁴*·v2·.2³*7³
1071 0 1121 17 ·'·
1251 0 1254 2 ·

25 156 97 203 87*
676 147 1067 198 ΦΑΙΔΡΟΣ.
1613 146 1718 198 225

27 292 419 354 προαιρεῖσθαι
448 289 640 354 φίλον·
677 279 819 339 ἀλλὰ
847 281 976 337 τόδε
1005 278 1147 351 πρὸς
1174 283 1367 355 ἐκείνῳ
1398 284 1576 348 δειξας
1613 303 1711 352 φε-

30 367 219 432 ρέσθω
256 362 323 420 τὰ
358 363 674 436 νικητήρια,
722 362 796 429 ὥς
833 359 938 419 οὐκ
982 359 1074 419 ἐπ’
1125 360 1364 436 ὠφελείᾳ
1400 359 1430 418 ὁ
1471 367 1608 432 ἔρως
1642 370 1720 434 τῷ

31 448 230 513 ἐρῶντι
263 446 355 500 καὶ
392 451 472 519 τῷ
505 446 763 518 ἐρωμένῳ
803 446 862 500 ἐκ
900 449 1057 499 θεῶν
1094 446 1465 515 ἐπιπεμπεται.
1496 440 1628 515 ἡμῖν
1661 442 1722 499 δὲ

30 525 388 581 ἀποδεικτέον
416 519 493 581 αὖ
526 525 885 596 τούναντίον,
924 523 1000 590 ὦς
1028 521 1115 580 ἐπ’
1147 521 1371 598 εὐτυχίᾳ
1397 532 1465 599 τῇ
1494 530 1721 597 μεγίστῃ

29 605 178 676 παρὰ
207 614 363 663 θεῶν
388 606 425 679 ἡ
453 609 680 680 τοιαύτη
710 614 880 680 μανία
911 611 1147 664 δίδοται·
1186 604 1221 678 ἡ
1251 607 1310 664 δὲ
1347 606 1415 678 δὴ
1446 605 1721 673 ἀπόδειξις
1750 613 1783 656 0

29 693 178 746 ἔσται
198 693 400 756 δεινοῖς
417 693 519 762 μὲν
539 690 793 760 ἄπιστος,
832 702 1027 761 σοφοῖς
1048 689 1107 746 δὲ
1126 688 1304 759 πιστή.
1340 692 1428 744 δεῖ
1440 682 1548 744 οὖν
1566 693 1723 759 πρῶ-

30 793 131 827 τον
151 779 330 843 ψυχῆς
357 773 581 843 φύσεως
606 776 731 842 πέρι
758 778 918 836 θείας
941 793 999 827 τε
1027 773 1118 826 καὶ
1149 768 1512 840 ἀνθρωπίνης
1530 770 1723 826 ἰδόντα

29 853 187 924 πάθη
198 875 256 909 τε
267 856 361 910 καὶ
379 859 513 925 ἔργα
525 853 762 926 τάληθὲς
773 861 995 925 νοῆσαι·
1019 851 1156 924 ἀρχὴ
1180 852 1239 909 δὲ
1257 849 1586 918 ἀποδείξεως
1603 850 1719 923 ἥδε.

170 941 352 992 mv.
430 935 590 1007 Ψυχὴ
628 942 777 991 πᾶσα
814 934 1113 999 ἀθάνατος.
1163 933 1223 990 τὸ
1263 932 1371 1004 γάρ
1409 932 1722 1005 ἀεικίνητον

28 1013 320 1072 ἀθάνατον
334 1039 346 1048 ·
386 1015 448 1072 τὸ
470 1018 525 1073 δ’
555 1017 690 1073 ἄλλο
710 1025 911 1074 κινοῦν
929 1020 1020 1073 καὶ
1043 1015 1143 1071 ὑπ’
1171 1015 1346 1072 ἄλλον
1365 1016 1718 1087 κινούμενον,
1789 1077 1793 1080 ,

30 1103 252 1153 παῦλαν
280 1101 408 1170 ἔχον
436 1099 733 1171 κινήσεως,
770 1105 992 1155 παῦλαν
1019 1102 1126 1169 ἔχει
1146 1103 1309 1170 ζωῆς·
1354 1098 1534 1169 μόνον
1562 1097 1630 1169 δὴ
1657 1094 1719 1152 τὸ

29 1176 165 1234 αὑτὸ
196 1185 422 1250 κινοῦν,
460 1180 555 1236 ἅτε
586 1179 690 1237 οὐκ
720 1179 1021 1237 ἀπολεῖπον
1061 1180 1255 1251 ἑαυτό,
1300 1179 1371 1236 οὔ
1393 1200 1526 1237 ποτε
1566 1180 1721 1252 λήγει

30 1260 386 1331 κινούμενον,
406 1260 546 1317 ἀλλά
565 1264 655 1318 καὶ
674 1275 788 1327 τοῖς
807 1262 995 1327 ἄλλοις
1010 1261 1117 1318 ὅσα
1136 1275 1368 1319 κινεῖται
1385 1269 1551 1319 τοῦτο
1571 1259 1718 1333 πηγὴ

29 1342 122 1397 καὶ
168 1339 306 1413 ἀρχὴ
353 1345 637 1415 κινήσεως.
688 1342 826 1416 ἀρχὴ
877 1344 936 1401 δὲ
981 1343 1266 1416 ἀγένητον.
1315 1347 1369 1411 ἐξ
1407 1344 1577 1415 ἀρχῆς
1610 1342 1719 1415 γὰρ
1750 1354 1784 1394 D

30 1419 247 1495 ἀνάγκη
269 1432 382 1480 πᾶν
401 1424 463 1482 τό
494 1426 831 1497 γιγνόμενον
857 1432 1178 1498 γίγνεσθαι,
1219 1424 1395 1498 αὐτὴν
1425 1426 1484 1482 δὲ
1514 1423 1643 1496 μηδ’
1666 1428 1721 1491 ἐξ

29 1505 181 1570 ἑνός·
223 1510 275 1562 εἰ
289 1506 397 1577 γὰρ
427 1512 488 1563 ἔκ
518 1530 620 1564 του
649 1507 787 1579 ἀρχὴ
821 1514 1095 1579 γίγνοιτο,
1135 1505 1240 1564 οὐκ
1270 1505 1344 1563 ἀν
1371 1510 1426 1574 ἐξ
1449 1506 1617 1579 ἀρχῆς
1634 1513 1723 1578 γί-

27 1610 232 1660 γνοιτο.
271 1589 456 1661 ἐπειδὴ
490 1591 549 1646 δὲ
579 1589 851 1663 ἀγένητόν
880 1593 1019 1661 ἐστι,
1059 1593 1151 1647 καὶ
1187 1589 1549 1661 ἀδιάφθορον
1585 1586 1719 1645 αὐτὸ

29 1666 244 1741 ἀνάγκη
265 1669 416 1726 εἶναι.
441 1668 609 1743 ἀρχῆς
628 1671 734 1743 γὰρ
755 1672 822 1745 δὴ
843 1671 1187 1744 ἀπολομένης
1206 1672 1334 1729 οὔτε
1352 1671 1492 1743 αὐτή
1511 1691 1642 1727 ποτε
1661 1675 1721 1726 ἔκ

37 1771 134 1806 του
153 1750 281 1807 οὔτε
300 1750 436 1808 ἄλλο
465 1756 519 1820 ἐξ
543 1756 754 1826 ἐκείνης
783 1754 1092 1827 γενήσεται,
1115 1764 1268 1826 εἴπερ
1288 1757 1343 1822 ἐξ
1365 1753 1536 1826 ἀρχῆς
1557 1757 1645 1809 δεῖ
1655 1750 1720 1808 τὰ

35 1832 217 1889 πάντα
242 1841 551 1905 γίγνεσθαι.
589 1835 736 1893 οὕτω
764 1837 830 1909 δὴ
867 1839 1134 1910 κινήσεως
1169 1840 1271 1909 μὲν
1306 1835 1446 1909 ἀρχὴ
1484 1836 1546 1892 τὸ
1586 1835 1722 1891 αὐτὸ

32 1913 170 1972 αὐτὸ
207 1924 419 1973 κινοῦν.
456 1926 620 1974 τοῦτο
653 1920 712 1976 δὲ
741 1918 859 1975 οὔτ’
894 1917 1247 1976 ἀπόλλυσθαι
1274 1919 1403 1977 οὔτε
1430 1925 1725 1991 γίγνεσθαι

32 1998 302 2069 δυνατόν,
345 1995 382 2070 ἢ
406 2002 586 2057 πάντα
615 2023 672 2058 τε
703 2000 954 2072 οὐρανὸν
982 2002 1168 2059 πᾶσάν
1197 2026 1255 2059 τε
1273 2005 1492 2074 γένεσιν
1511 2019 1725 2072 συμπε-
1755 2015 1789 2056 Ε

0 2086 246 2136 ι-σοῦσαν
271 2088 467 2160 στῆιςαι
496 2086 587 2140 καὶ
615 2085 825 2157 μήποτε
856 2080 1026 2152 αὖθις
1061 2091 1204 2158 ἔχειν
1242 2085 1383 2142 ὅθεν
1421 2086 1725 2156 κινηθέντα

0 2187 9 2199 ·
70 2162 338 2233 ενήσεται.
378 2162 670 2223 ἀθανάτου
701 2168 758 2224 δὲ
779 2171 1140 2240 πεφασμένου
1158 2173 1260 2223 τοῦ
1282 2165 1383 2237 ὑφ’
1417 2168 1619 2223 ἑαυτοῦ
1639 2189 1727 2222 κι-

72 2248 343 2315 ουμένον,
381 2254 559 2317 ψυχῆς
589 2247 788 2305 οὐσίαν
815 2272 874 2306 τε
905 2253 995 2306 καὶ
1024 2251 1197 2321 λόγον
1227 2255 1430 2305 τοῦτον
1449 2245 1627 2304 αὐτόν
1646 2269 1727 2313 τις

134 2349 214 2382 ων
233 2326 338 2383 οὐκ
367 2334 719 2400 αἰσχυνεῖται.
757 2339 871 2388 πᾶν
891 2331 998 2402 γὰρ
1017 2340 1173 2404 σῶμα
1187 2376 1203 2403 ,
1244 2325 1291 2405 ᾦ
1309 2333 1411 2404 μὲν
1433 2337 1644 2399 ἔξωθεν
1661 2329 1723 2389 τό

89 2418 338 2479 νεῖσθαι,
380 2410 623 2484 ἄψυχον,
659 2408 706 2488 ᾦ
725 2416 782 2471 δὲ
803 2419 1042 2472 ἔνδοθεν
1067 2413 1217 2492 αὐτῷ
1237 2418 1292 2483 ἐξ
1312 2414 1516 2487 αὑτοῦ,
1548 2421 1729 2488 ἔμψυ-

62 2488 65 2498 '
145 2536 160 2564 ,
201 2491 276 2560 ὥς
304 2495 508 2567 ταύτης
539 2495 710 2569 οὔσης
739 2498 961 2568 φύσεως
993 2505 1194 2570 ψυχῆς*
1232 2503 1282 2554 εἰ
1315 2497 1367 2554 δ’
1411 2502 1525 2555 ἔστι
1559 2505 1725 2554 τοῦτο

141 2597 213 2642 ως
232 2581 384 2648 ἕχον,
425 2578 499 2649 μὴ
520 2577 654 2635 ἄλλο
675 2602 725 2635 τι
746 2579 887 2636 εἶναι
906 2581 967 2637 τό
987 2579 1123 2637 αὐτὸ
1144 2579 1307 2638 ἑαυτὸ
1338 2588 1539 2638 κινοῦν
1556 2578 1593 2654 ἦ
1615 2593 1729 2648 ψν-
1753 2592 1843 2638 246

36 2657 153 2732 ῆν,
172 2664 227 2727 ἐξ
245 2658 494 2733 ἀνάγκης
514 2661 785 2734 ἀγένητόν
804 2685 860 2719 τε
881 2665 970 2719 καὶ
990 2661 1278 2720 ἀθάνατον
1298 2663 1444 2736 ψυχὴ
1465 2661 1539 2720 ἀν
1558 2672 1657 2735 εἴη.

176 2748 336 2800 XXV.
410 2747 548 2814 Περὶ
569 2746 670 2816 μὲν
691 2740 798 2801 οὖν
819 2745 1130 2812 ἀθανασίας
1153 2745 1323 2819 αὐτῆς
1342 2751 1570 2812 ἱκανῶς·
1602 2747 1727 2815 περὶ

42 2821 213 2949 δδτῆις>
246 2828 396 2952 ἰδέαιςΙ
435 2825 605 2899 αὐτῆς
645 2822 752 2884 ὦδε
791 2833 1037 2886 λεκτέον·
1076 2825 1196 2886 οἷον
1225 2831 1328 2901 μέν
1365 2831 1504 2898 ἐστι,
1547 2830 1727 2901 πάντῃ

217 2918 331 2951 ιΑτο
404 2940 414 2950 .
1420 2913 1472 2956 15
