2028 3198
575 149 1166 199 ΠΑΡΜΕΝΙΔΗΣ.
1681 146 1718 197 9

29 283 233 352 αὐτοῖς.
287 289 362 343 Ec
374 277 576 353 οὖν-τι,
606 287 712 353 ἔφη
726 324 742 351 ,
779 287 924 338 ἔοικε
943 289 1022 355 τῷ
1041 285 1200 353 εῖδει,
1237 277 1360 339 οἶόν
1378 303 1436 338 τε
1455 286 1631 340 ἐκεῖνο
1652 283 1713 340 τὸ

30 366 176 433 εἶδος
211 365 284 438 μὴ
321 365 520 437 ὅμοιον
552 363 694 421 εἶναι
727 370 804 437 τῷ
841 368 1182 435 εἰκασθέντι,
1227 361 1363 420 καθ’
1394 363 1532 421 ὅσον
1564 363 1717 439 αὐτῷ

28 449 376 520 ἀφωμοιώθη
391 471 408 514 3
426 443 464 519 ἦ
481 451 595 503 ἔστι
608 468 689 511 τις
706 444 918 516 μηχανὴ
938 446 999 502 τὸ
1022 445 1217 517 ὅμοιον
1234 446 1307 518 μὴ
1328 443 1499 520 ὁμοίῳ
1520 445 1717 518 ὅμοιον

29 531 198 598 εἷναις
237 529 359 587 Οὐκ
388 534 514 585 ἔστι.
578 527 653 584 T&
685 527 745 583 δὲ
775 526 971 598 ὅμοιον
997 535 1072 598 τῷ
1104 526 1275 601 ὁμοίῳ
1305 521 1396 595 ἆρ’
1420 526 1490 584 οὐ
1506 528 1716 599 μεγάλη

28 611 242 683 ἀνάγκη
273 612 397 677 ε”νός
425 617 528 667 τοῦ
546 609 722 665 αὐτοῦ
740 613 922 675 εἴδους
940 614 1206 681 μετέχειν;
1234 608 1490 681 Ἀνάγκη.
1552 604 1641 667 Οὖ
1660 608 1712 667 δ’
1747 618 1781 659 Ε

28 691 102 750 ἄν
128 695 194 750 τὰ
222 693 386 765 ὅμοια
405 697 700 764 μετέχοντα
723 691 884 763 ὅμοια
904 686 940 764 ᾗ
953 735 968 763 ,
1006 691 1111 748 οὐκ
1130 694 1305 748 ἐκεῖνο
1327 695 1476 747 ἔσται
1494 691 1630 749 αὐτὸ
1651 691 1713 749 τὸ

30 775 201 843 fldem
236 776 567 831 Παντάπασι
596 797 698 845 μεν
727 769 846 830 οὖν.
908 772 1029 830 Οὐκ
1059 773 1167 843 άρα
1197 769 1318 829 οἶόν
1345 774 1406 828 τέ
1421 780 1564 847 τιτῷ
1586 778 1717 831 εἴδει

30 856 227 929 ὅμοιον
246 858 412 928 εἶναι,
433 856 643 914 οὐδὲτὸ
666 857 809 922 εἶδος
828 857 1005 930 άλλῳ·
1044 861 1094 912 εἰ
1116 856 1175 912 δὲ
1194 855 1269 926 μή
1283 897 1298 925 ,
1319 854 1468 925 παρὰ
1488 856 1547 911 τό
1574 855 1716 920 εἶδος

29 940 111 996 ἀεὶ
143 940 277 997 ἄλλο
306 939 722 1011 ἀναφανήσεται
740 938 909 1009 εἶδος,
947 935 1086 994 καὶ
1061 937 1132 993 άν
1151 938 1328 994 ἐκεῖνό
1346 959 1422 1012 τῳ
1445 936 1642 1009 ὅμοιον
1661 932 1713 1010 ᾐ,

27 1025 220 1092 ἕτερον
238 1045 338 1092 αν,
357 1025 448 1079 καὶ
470 1022 733 1078 οὐδέποτε
753 1022 1020 1077 παύσεται
1042 1019 1125 1076 ἀεὶ
1143 1017 1340 1075 καινὸν
1364 1018 1506 1085 εἶδος
1523 1020 1718 1091 γιγνό-
1748 1034 1833 1079 133

0 1139 3 1172 ,
31 1126 230 1176 μενον,
265 1103 363 1160 ἐὰν
380 1104 440 1161 τὸ
464 1105 605 1170 εἶδος
623 1113 700 1179 τῷ
720 1106 920 1161 ἑαυτοῦ
938 1101 1257 1175 μετέχοντι
1235 1102 1432 1174 όμοιον
1450 1108 1713 1175 γίγνηται.

25 1185 391 1257 ’Λληθέστατα
414 1192 600 1257 λέγεις.
652 1186 773 1243 Οὐκ
793 1187 903 1256 ἄρα
926 1184 1206 1256 ὁμοιότητι
1226 1179 1397 1240 τᾶλλα
1416 1191 1531 1240 τῶν
1550 1190 1717 1242 εἰδῶν

30 1269 461 1341 μεταλαμβάνει,
500 1269 641 1325 άλλά
670 1293 720 1325 τι
748 1269 883 1326 ἄλλο
916 1273 1004 1324 δεῖ
1026 1272 1199 1338 ζητεῖν
1229 1260 1275 1340 ᾦ
1293 1267 1713 1340 μεταλαμβάνει.

19 1350 248 1407 Ἔοικεν.
294 1349 453 1424 Ὁρᾷς
473 1345 607 1422 οὖν,
645 1352 848 1422 φάναι,
889 1345 933 1406 ὦ
951 1350 1274 1420 Σώκρατες,
1315 1348 1417 1421 ὅση
1439 1348 1473 1422 ἡ
1493 1349 1716 1421 ἀπορία,

29 1433 131 1488 ἐάν
160 1455 242 1498 τις
271 1436 387 1503 εἰδη
417 1431 551 1488 ὅντα
582 1432 722 1489 αὐτὰ
752 1432 886 1488 καθ’
908 1430 1047 1487 αὐτὰ
1070 1436 1387 1502 διορίζηται;
1425 1434 1536 1488 Καὶ
1554 1433 1714 1503 μάλα.
1746 1460 1748 1462 ·

30 1508 117 1570 Εὖ
135 1523 330 1570 τοίνυν
351 1524 470 1572 ἰσθι
485 1558 499 1584 ,
541 1516 715 1586 φάναι
728 1559 742 1586 ,
784 1515 870 1571 ὅτι
889 1513 962 1579 ὠς
980 1518 1109 1579 ἔπος
1129 1518 1301 1569 εἰπεῖν
1320 1512 1538 1570 οὐδέπω
1559 1514 1718 1570 ἅπτει

30 1595 203 1668 αὐτῆς
222 1596 324 1669 ὅση
346 1600 494 1654 ἐστὶν
512 1596 545 1670 ἡ
569 1597 798 1669 άπυριά,
839 1603 889 1654 εἰ
907 1600 970 1653 ἓν
987 1595 1131 1661 εἶδος
1154 1597 1387 1651 ἕκαστον
1405 1603 1518 1652 τῶν
1535 1595 1716 1653 ὄντων
1747 1606 1784 1647 Β

31 1676 123 1735 ἀεί
137 1702 188 1734 τι
207 1677 609 1750 ἀφοριζόμενος
624 1679 833 1751 θήσεις.
882 1686 1011 1744 Πῶς
1028 1678 1096 1749 δή
1109 1702 1125 1744 ;
1156 1683 1342 1734 εἰπεῖν.
1397 1676 1590 1735 Πολλὰ
1613 1679 1717 1750 μὲν

30 1763 121 1817 καὶ
140 1761 298 1832 ἄλλα,
320 1763 511 1833 φάναι,
530 1765 787 1833 μέγιστον
808 1763 867 1818 δὲ
884 1762 1027 1818 τόδε.
1064 1769 1117 1817 εἰ
1129 1782 1210 1825 τις
1229 1765 1364 1833 φαίη
1385 1761 1522 1831 μηδὲ
1539 1778 1715 1831 προσ-

30 1844 189 1914 ήκειν
219 1842 359 1900 αὐτᾶ
389 1845 804 1915 γιγνώσκεσθαι
834 1844 970 1900 ὅντα
997 1849 1225 1899 τοιαῦτα
1258 1838 1349 1899 οἶά
1380 1864 1569 1916 φαμεν
1597 1846 1715 1900 δεῖν

27 1922 171 1982 εἶναι
199 1927 265 1981 τά
298 1930 415 1997 εἴδη
431 1969 445 1994 ,
486 1932 563 2001 τῷ
595 1933 769 1983 ταῦτα
790 1931 1006 1998 λέγοντι
1025 1923 1127 1980 οὐκ
1148 1921 1221 1980 ἄν
1240 1929 1351 1996 ἔχοι
1369 1948 1450 1991 τις
1469 1928 1715 1993 ἐνδείξα-

29 2014 165 2064 σθαι
184 2006 269 2064 ὅτι
287 2007 575 2081 ψεύδεται,
606 2008 746 2081 εἰμὴ
767 2015 990 2065 πολλῶν
1010 2007 1165 2078 τύχοι
1184 2011 1439 2079 ἔμπειρος
1459 2004 1541 2063 α’)’ν
1561 2007 1588 2064 ὁ
1610 2006 1710 2080 άμ-

27 2096 316 2163 φισβηταῑν
347 2093 438 2147 καὶ
466 2090 539 2163 μὴ
561 2090 771 2163 ἀφυής,
809 2094 995 2148 ἐθέλοι
1012 2090 1071 2146 δὲ
1091 2090 1241 2146 πάνυ
1260 2089 1437 2147 πολλὰ
1459 2093 1550 2147 καὶ
1573 2091 1715 2160 πόρ-

29 2181 219 2242 ρωθεν
268 2176 799 2245 πραγματευομένου
842 2181 944 2230 τοῦ
991 2175 1417 2244 ἐνδεικνυμένου
1464 2174 1715 2244 ἕπεσθαι,

26 2252 150 2312 ἀλλ’
169 2255 446 2322 ἀπίθανος
466 2265 547 2328 εἴη
569 2255 599 2312 ὁ
621 2255 877 2328 ἄγνωστα
897 2255 1223 2325 ἀναγκάζων
1243 2252 1384 2311 αὐτοὶ
1405 2253 1560 2311 εἶναι.
1621 2255 1715 2327 Πῇ
1745 2268 1779 2312 Ο

26 2336 95 2407 δή
108 2379 123 2405 ,
145 2331 191 2394 ὦ
205 2342 557 2410 Παρμενίδη;
595 2339 772 2410 φάναι
791 2337 890 2394 τὸν
908 2339 1195 2409 Σωκράτη.
1243 2337 1386 2407 Ὅτι,
1411 2332 1454 2393 ὦ
1473 2337 1714 2407 Σώκρα-

30 2439 135 2484 τες,
157 2419 307 2490 οἶμαι
324 2417 398 2476 ἇν
414 2423 508 2477 καὶ
526 2425 587 2477 σὲ
610 2423 702 2477 καὶ
722 2420 895 2476 ἄλλον
909 2462 923 2489 ,
944 2419 1093 2487 ὅστις
1111 2419 1288 2492 αὐτήν
1306 2442 1429 2475 τινα
1448 2417 1588 2476 καθ’
1608 2416 1713 2474 αὑ-

27 2499 132 2569 τὴν
148 2501 382 2557 ἑκάστου
402 2501 602 2559 οὐσίαν
619 2508 831 2558 τίθεται
854 2501 1018 2573 εἶναι,
1039 2499 1380 2574 ὁμολογῆσαι
1398 2501 1470 2558 ἄν
1487 2507 1711 2572 πρῶτον

26 2583 130 2653 μὲν
146 2587 418 2654 μηδεμίαν
437 2583 623 2640 αὐτῶν
641 2583 782 2639 εἶναι
801 2586 860 2640 ἐν
879 2582 1023 2656 ἡμῖν.
1062 2591 1192 2651 Παῖς
1208 2583 1315 2656 γὰρ
1334 2580 1409 2641 οἲν
1426 2582 1565 2656 αὐτὴ
1584 2582 1709 2639 καθ’

25 2660 206 2734 αὑτὴν
226 2670 304 2721 ἔτι
324 2673 438 2736 scm
458 2665 633 2735 φάναι
651 2663 751 2720 τὸν
767 2666 1055 2738 Σωκράτη.
1094 2673 1294 2732 Καλῶς
1311 2670 1500 2736 λέγεις,
1522 2670 1709 2722 εἰπεῖν.

26 2744 238 2802 οὐκοῦν
264 2749 352 2803 καὶ
389 2745 514 2803 ὅσαι
544 2754 658 2803 τῶν
681 2751 846 2805 ἰδεῶν
872 2747 1013 2818 πρὸς
1042 2748 1281 2821 ἀλλήλας
1308 2754 1448 2805 εἰσὶν
1477 2751 1539 2804 αἳ
1553 2752 1711 2817 εἰσιν,

26 2824 185 2884 αὐταὶ
212 2829 349 2896 πρὸς
376 2827 548 2894 αὑτὰς
576 2829 676 2902 τήν
706 2828 903 2887 οὐσίαν
931 2836 1179 2902 ἔχουσιν,
1219 2829 1342 2888 ἀλλ’
1376 2829 1445 2886 οὐ
1476 2828 1614 2901 πρὸς
1644 2828 1710 2885 τὰ
1745 2847 1776 2888 n
