2028 3198
1201 0 1368 18 ,7X

314 183 418 235 130
929 179 1403 229 ΠΛΑΤΩΝΟΣ

311 319 411 389 μὲν
431 318 520 373 καὶ
543 320 782 384 σφαίρας
800 311 970 385 αὐτῆς
989 319 1084 384 τῆς
1100 318 1257 378 θείας
1285 311 1384 368 τὸν
1414 312 1583 383 λόγον
1614 319 1779 386 ἔχων,
1816 315 1919 387 τὴν
1940 316 1997 373 δὲ

309 399 675 467 ἀνθρωπίνην
705 395 914 466 ταύτην
944 406 1189 466 σφαῖραν
1217 397 1309 450 καὶ
1336 393 1468 460 τούς
1497 396 1739 462 κύκλους
1766 396 1998 464 τούτους

253 491 284 529 Β
314 479 552 549 ἀγνοῶν,
574 481 664 533 καὶ
682 477 964 549 χρώμενος
982 479 1042 532 ἐν
1058 480 1343 550 οἰκοδομίᾳ
1358 479 1450 532 καὶ
1465 489 1578 542 τοῖς
1597 476 1784 543 ἄλλοις
1799 476 1998 549 ὁμοίως

311 560 509 616 κανόσι
530 562 621 615 καὶ
640 571 752 624 τοῖς
772 559 1023 625 κύκλοις;

449 646 621 697 ΠΡΩ.
679 646 914 697 Γελοίαν
935 638 1238 696 διάθεσιν“
1208 646 1384 711 ημῶν,
1408 634 1452 695 ὦ
1471 641 1783 713 Σώκρατες,
1804 645 1866 698 ἐν
1882 654 1998 708 ταῖς

309 730 486 789 θείαις
507 717 684 778 οὖσαν
703 722 881 793 μόνον
902 722 1221 793 ἐπιστήμαις
1240 725 1486 792 λέγομεν.

452 810 578 861 ΣΩ.
636 810 768 869 Πῶς
788 805 924 878 φῄς·
911 847 924 871 ,
964 806 997 875 ἡ
1019 810 1122 859 τοῦ
1142 807 1381 869 ψευδοῦς
1400 804 1636 868 κανόνος
1655 802 1766 875 α’μα
1785 806 1877 859 καὶ
1897 811 2009 859 τοῦ

308 888 520 944 κύκλου
550 885 651 959 τὴν
682 909 750 943 ου
780 889 1008 958 βέβαιον
1039 884 1170 942 οὐδὲ
1201 886 1460 956 καθαρὰν
1489 888 1684 957 τέχνην
1703 887 1998 957 ἐμβλητέον

308 975 471 1041 κοινῇ
489 970 580 1025 καὶ
600 972 969 1039 συγκρατεόν;

451 1056 626 1107 ΠΡΩ.
676 1050 1006 1121 Ἀναγκαῖον
1034 1051 1170 1120 γάρ,
1209 1056 1258 1106 εί
1285 1053 1467 1121 μέλλει
1497 1072 1577 1115 τις
1605 1048 1764 1120 ἡμῶν
1785 1051 1874 1105 καὶ
1894 1048 1997 1120 τὴν

310 1133 448 1190 ὁδὸν
471 1134 725 1189 ἑκάστοτε
749 1134 1062 1205 ἐξευρήσειν
1083 1136 1285 1188 οῖκαὸε.

448 1221 571 1271 ΣΩ.
622 1209 691 1270 ³H
706 1218 796 1270 καὶ
816 1214 1118 1285 μουσικήν,
1148 1211 1218 1283 ἣν
1239 1211 1427 1282 ὀλίγον
1447 1216 1765 1282 ἔμπροσθεν
1785 1218 1996 1283 ἔφαμεν

246 1312 275 1352 C
312 1297 619 1368 στοχάσεσός
649 1319 706 1352 τε
736 1298 825 1352 καὶ
853 1296 1129 1367 μιμήσεως
1168 1292 1371 1365 μεστὴν
1407 1289 1583 1350 οὖσαν
1619 1294 1998 1366 καθαρότητος

311 1384 519 1447 ἐνδεῖν;

448 1465 617 1516 ΠΡΩ.
668 1457 997 1529 Ἀναγκαῖον
1017 1466 1268 1530 φαίνεται
1290 1465 1500 1530 ἔμοιγε,
1534 1467 1684 1527 εἴπερ
1704 1481 1766 1529 γε
1788 1456 1946 1561 ἡμῶν
1967 1456 1995 1514 ὸ

310 1551 428 1615 βίος
449 1547 597 1598 ἔσται
618 1544 708 1597 καὶ
728 1539 991 1597 ὁπωσοῦν
1015 1543 1145 1597 ποτε
1163 1547 1295 1613 βιο.ς

451 1629 577 1681 ΣΩ.
634 1623 838 1679 Βούλει
866 1627 1029 1694 δῆτα,
1070 1623 1253 1694 ῶσπερ
1282 1621 1545 1694 θυρωρὸς
1579 1620 1675 1677 ὑπ’
1716 1621 1883 1692 ὄχλου
1918 1646 1998 1689 τις

315 1706 642 1779 ωθούμενος
661 1709 750 1762 καὶ
769 1707 1107 1778 βιαζόμενος,
1127 1704 1382 1778 ἡττηθεὶς
1402 1704 1748 1769 ἀναπετάσας
1767 1703 1864 1770 τοὶς
1883 1706 1995 1761 θύ-
2025 1768 2028 1772 ,

314 1812 413 1857 ρας
443 1789 571 1860 ἀφῶ
602 1789 780 1853 πάσας
809 1788 1104 1859 ἐπιστήμας
1146 1794 1350 1859 εἰσρεῖν
1387 1790 1478 1844 καὶ
1514 1793 1818 1859 μίγνυσθαι
1856 1784 1998 1858 ὁμοῦ
2025 1824 2028 1825 ⁷

310 1876 534 1942 καθαρᾷ
554 1868 658 1940 τὴν
676 1872 1060 1940 ἐνδεεστέραν;

252 1964 285 2002 D
456 1957 631 2007 ΠΡΩ.
687 1950 915 2007 Οὔκουν
934 1957 1104 2021 ἔγωγε
1126 1951 1263 2019 οἶδα,
1289 1945 1333 2005 ὦ
1350 1951 1673 2022 Σώκρατες,
1707 1949 1740 2004 ὅ
1759 1955 1814 2004 τί
1826 1972 1905 2013 τις
1925 1946 1997 2028 ἂν

312 2033 608 2106 βλάπτοιτο
639 2034 819 2097 πάσας
848 2033 1036 2103 λαβὼν
1066 2032 1161 2097 τὰς
1190 2031 1355 2096 ἄλλας
1387 2031 1706 2103 ἐπιστήμας,
1744 2034 1882 2101 ἔχων
1900 2028 1996 2094 τὰς
2023 2063 2028 2079 2

312 2135 546 2187 πρωτας.

456 2202 583 2252 ΣΩ.
639 2202 844 2252 Μεθιῶ
867 2194 933 2267 δὴ
954 2194 1051 2260 τὰς
1072 2195 1355 2266 ξυμπάσας
1375 2196 1490 2267 ῥεῖν
1510 2198 1585 2259 εἰς
1604 2193 1705 2266 τὴν
1723 2192 1994 2266 τῆςὉμή-

312 2299 415 2348 ρον
434 2280 524 2334 καὶ
543 2276 690 2349 μάλα
709 2284 994 2349 ποιητικῆς
1012 2283 1365 2348 μισγαγκείας
1384 2274 1695 2347 ὑποδοχήν;

450 2365 621 2414 ΠΡΩ.
673 2360 840 2415 Πάνυ
862 2382 962 2431 μεν
982 2363 1102 2414 οὐν.

452 2445 682 2496 XXXIX.
754 2447 881 2497 ΣΩ.
948 2446 1283 2497 Μεθεῖνται·
1322 2442 1413 2496 και
1443 2440 1610 2496 πάλιν
1640 2441 1725 2495 ἐπὶ
1753 2437 1855 2510 τὴν
1884 2446 1995 2494 τῶν

314 2519 537 2593 ἡδονῶν
565 2520 746 2593 πηγὴν
776 2524 936 2579 ι’τεόν.
977 2519 1050 2586 ὡς
1080 2543 1184 2593 γαρ
1219 2520 1591 2593 διενοήθημεν
1609 2518 1780 2585 αὐτὰς
1797 2519 1995 2591 μιγνύ-

311 2625 427 2674 ναι,
466 2601 532 2657 τοὶ
562 2609 674 2658 τῶν
703 2603 934 2674 ἀληθῶν
961 2604 1127 2675 μόρια
1157 2610 1378 2674 πρῶτον
1407 2602 1510 2659 οὐκ
1541 2600 1811 2673 ἐξεγένεθ’
1842 2599 1992 2671 ἡμῖν,

248 2701 280 2739 Ε
313 2682 451 2740 ἀλλὰ
478 2683 567 2739 διὰ
598 2683 659 2739 τὸ
692 2691 877 2740 πᾶσαν
903 2683 1126 2758 ἀγαπᾷν
1157 2685 1459 2757 ἐπιστήμην
1488 2690 1564 2750 εἰς
1581 2683 1784 2740 ταύτὸν
1802 2690 1969 2753 μεθεῖ

313 2788 416 2836 μεν
436 2764 652 2835 ἀθρόας
674 2769 765 2821 καὶ
785 2767 1038 2835 πρόσθεν
1057 2774 1169 2822 τῶν
1186 2765 1422 2838 ἡδονῶν.

452 2854 622 2904 ΠΡΩ.
675 2846 1042 2920 Ἀληθέστατα
1068 2854 1253 2920 λέγεις,
