2028 3198
123 0 366 26 ’ΔΕὟᾺ”,”Ξ.““’
390 0 429 23 '⁴5
520 0 540 7 ““

74 35 103 53 ο.
119 14 182 52 ³3»
243 26 266 35 “·
325 26 337 36 ·

89 58 100 65 ³
124 68 130 71 ,
228 57 236 68 ν

60 173 117 219 91
717 166 1106 214 ΦΑΙΛΡοΣ.
1638 163 1744 215 229

60 303 298 370 γενέσει,
334 302 473 357 ἀλλὰ
502 300 605 372 τήν
634 299 738 370 μὲν
755 306 979 356 πλεῖστα
1001 304 1234 355 ἰδοῦσαν
1253 304 1330 365 εἰς
1345 297 1522 371 γονὴν
1540 296 1746 370 ἀνδρὸς

61 386 439 455 γενησομένου
466 383 786 454 φιλοσόφου
813 379 850 454 ἢ
881 383 1191 452 φιλοκάλου
1220 379 1257 455 ἦ
1292 387 1566 454 μουσικοῦ
1592 379 1744 448 τινὸς

60 467 151 521 καὶ
191 468 483 536 ἐρωτικοῦ,
518 465 622 538 τὴν
651 465 711 522 δὲ
741 469 1007 537 δευτέραν
1035 470 1112 532 εἰς
1138 469 1406 538 βασιλέως
1434 463 1679 537 ἐννόμου
1705 459 1742 536 ἦ

60 554 362 620 πολεμικοῦ
379 550 472 605 καὶ
493 546 741 620 ἀρχικοῦ,
762 554 951 621 τρίτην
971 553 1047 614 εἰς
1065 554 1354 605 πολιτικοῦ
1371 547 1407 619 ἥ
1423 569 1573 613 τινος
1590 551 1743 604 οἰκο-

62 636 295 702 νομικοῦ
323 626 361 702 ἦ
387 639 842 703 χρηματιστικοῦ,
879 633 1145 703 τετάρτην
1171 637 1247 697 εἰς
1283 631 1599 702 φιλοπόνου
1635 651 1742 702 γυ-

58 720 364 783 μναστικοῦ
382 710 418 785 ἦ
438 715 561 783 περὶ
581 714 833 786 σώματος
853 722 1003 772 ἴασίν
1019 736 1168 780 τινος
1184 715 1468 786 ἐσομένου,
1489 715 1742 783 πέμπτην

57 794 326 867 μαντικὸν
342 802 469 868 βίον
488 795 526 869 ἥ
545 820 668 853 τινα
687 795 1001 854 τελεστικόν
1019 797 1254 863 ἕξουσαν
1268 818 1278 828 ·
1311 796 1441 868 ἕκτῃ
1460 792 1741 866 ποιητικὸς
1773 809 1805 848 Ε

60 874 94 948 ἢ
113 883 227 933 τῶν
244 879 368 949 περὶ
386 884 614 951 μίμησίν
632 902 712 946 τις
730 879 897 945 ἄλλος
915 879 1165 954 ἁρμόσει,
1189 879 1396 952 ἑβδόμῃ
1419 882 1743 950 δημιουργι-

59 961 156 1024 κὸς
171 956 209 1030 ἦ
225 963 524 1032 γεωργικός
537 1005 552 1032 ,
595 960 767 1035 ὀγδόῃ
787 962 1106 1034 σοφιστικὸς
1124 959 1159 1035 ἦ
1180 961 1500 1034 δημοτικός,
1541 960 1743 1033 ἐννάτῃ

57 1063 402 1112 τυραννικος.

197 1131 377 1182 XXIX.
453 1127 540 1184 'Ev
576 1128 642 1200 δὴ
682 1130 896 1195 τούτοις
931 1127 1137 1183 ἅπασιν
1176 1125 1236 1192 ὃς
1272 1127 1375 1199 μὲν
1410 1122 1483 1182 ἀν
1521 1130 1743 1192 δικαίως

0 1213 3 1218 ’
57 1208 317 1281 διαγάγῃ,
354 1208 646 1281 ἀμείνονος
662 1217 858 1283 μοίρας
875 1210 1307 1284 μεταλαμβάνει,
1346 1208 1408 1275 ὃς
1437 1208 1491 1265 δ’
1522 1205 1594 1265 ἀν
1620 1207 1743 1266 ἀδί-

57 1312 193 1361 κως,
233 1297 493 1362 χείρονος.
539 1298 615 1358 εἰς
652 1293 755 1363 μὲν
793 1292 900 1365 γάρ
937 1291 998 1349 τὸ
1035 1292 1169 1349 αὐτὸ
1210 1292 1351 1349 ὅθεν
1377 1291 1501 1365 ἥκει
1527 1290 1562 1366 ἡ
1593 1291 1738 1364 ψυχὴ

8 1392 16 1396 ’
58 1374 255 1444 ἑκάστη
287 1371 390 1429 οὐκ
421 1372 732 1444 ἀφικνεῖται
759 1377 901 1431 ἐτῶν
928 1381 1170 1447 μυρίων·
1210 1374 1278 1431 οὐ
1312 1374 1419 1446 γὰρ
1446 1384 1740 1448 πτεροῦται

58 1454 163 1526 πρὸ
186 1456 461 1512 τοσούτου
481 1458 717 1529 χρόνου,
757 1458 903 1530 πλὴν
924 1456 957 1530 ἡ
978 1465 1079 1514 τοῦ
1100 1459 1586 1530 φιλοσοφήσαντος
1604 1456 1749 1514 ἀδό-’
1770 1464 1856 1510 249

7 1605 12 1613 Ι
55 1545 164 1604 λως
180 1534 218 1610 ἧ
237 1541 775 1612 παιδεραστήσαντος
792 1539 925 1613 μετὰ
947 1546 1303 1611 φιλοσοφίας·
1325 1533 1488 1596 αὗται
1510 1543 1569 1597 δὲ
1587 1547 1741 1615 τρίτῃ

11 1628 16 1651 ⁷
56 1622 295 1696 περιόδῳ
331 1629 400 1694 τῇ
433 1630 678 1694 χιλιετεῖ,
718 1624 814 1679 ε’ἀν
850 1626 1082 1681 ἕλωνται
1120 1626 1236 1694 τρὶς
1265 1628 1458 1695 ἐφεξῆς
1485 1621 1586 1680 τὸν
1614 1631 1742 1697 βίον

55 1710 281 1771 τοῦτον,
313 1702 460 1759 οὕτω
481 1715 847 1774 πτερωθεῖσαι
864 1711 1240 1780 τρισχιλιοστςό
1259 1712 1364 1763 ἔτει
1385 1705 1741 1779 ἀπέρχονται·

55 1788 117 1840 αἱ
134 1787 193 1841 δὲ
213 1783 401 1857 ἄλλαι,
433 1786 570 1843 ὅταν
587 1790 687 1844 τὸν
706 1796 929 1858 πρῶτον
943 1795 1071 1862 βίον
1089 1789 1480 1860 τελευτήσωσι,
1512 1794 1741 1858 κρίσεως

57 1872 279 1939 ἔτυχον,
316 1877 594 1939 κριθεῖσαι
621 1874 679 1928 δὲ
708 1875 769 1927 αἰ
793 1873 894 1944 μὲν
923 1877 999 1937 εἰς
1025 1870 1091 1928 τά
1122 1869 1231 1927 ὑπὸ
1253 1877 1355 1943 γῆς
1384 1871 1741 1942 δικαιωτήρια

55 1953 321 2007 ἐλθοῦσαι
340 1955 500 2024 δίκην
517 1957 855 2028 ἐκτίνουσιν,
879 1959 939 2012 αι’
954 1953 1007 2012 δ’
1029 1961 1104 2020 εἰς
1124 1952 1405 2024 τούρανοῦ
1424 1953 1547 2011 τινὰ
1567 1954 1741 2011 τόπον

54 2030 163 2088 ὑπὸ
182 2039 277 2106 τῆς
296 2038 450 2107 δίκης
478 1999 873 2108 κουφισθεῖσάι
907 2038 1198 2109 διάγουσιν
1236 2037 1398 2104 ἀξίως
1434 2059 1503 2093 ου
1540 2041 1600 2093 ἐν
1638 2035 1741 2092 ἀν-
1772 2048 1806 2090 Β

52 2116 292 2185 θρώπου
330 2124 462 2175 εῖδει
498 2122 737 2192 ἐβίωσαν
771 2127 913 2194 βίου.
950 2129 1026 2197 τῷ
1059 2122 1118 2178 δὲ
1146 2127 1402 2194 χιλιοστβ·
1432 2119 1741 2191 ἀμφότεραι

51 2196 460 2270 ἀφικνούμεναι
485 2204 573 2259 ἐπὶ
599 2202 881 2275 κλήρωσίν
907 2226 965 2261 τε
995 2206 1086 2259 καὶ
1115 2206 1365 2274 αι’ρεσιν
1366 2275 1368 2277 .
1419 2210 1455 2257 ῦ
1474 2204 1739 2273 δευτέρου

90 2291 180 2338 lov
200 2283 540 2351 αἰροῦνται“
508 2307 576 2341 ον
603 2282 675 2341 ἄν
705 2289 870 2359 ἐθέλῃ
901 2288 1125 2358 εκάστη·
1166 2292 1307 2342 ἔνθα
1326 2283 1412 2344 καλ
1438 2290 1514 2351 εἰς
1530 2291 1739 2358 θηρίου

144 2387 178 2420 ν
197 2364 525 2437 ἀνθρωπίνη
546 2368 690 2439 ψυχὴ
712 2367 1049 2440 ἀφικνεῖται,
1070 2370 1161 2426 καὶ
1181 2372 1239 2425 ἐκ
1259 2374 1493 2442 θηρίου,
1525 2367 1588 2434 ός
1606 2390 1737 2425 ποτε

58 2443 353 2516 ’νθρωπος
370 2442 467 2519 ἦν,
504 2450 672 2507 πάλιν
693 2459 768 2516 εἰς
789 2452 1111 2522 ἄνθρωπον.
1152 2449 1221 2507 ού
1248 2451 1355 2522 γὰρ
1374 2451 1412 2524 ἥ
1430 2474 1493 2523 γε
1511 2451 1587 2524 μή
1607 2473 1737 2509 ποτε

46 2523 248 2594 ἰδοῦσα
276 2531 379 2603 τὴν
407 2530 685 2603 ἀλήθειαν
715 2540 789 2599 εἰς
808 2534 932 2590 τόδε
952 2533 1067 2605 ἥξει
1086 2533 1146 2590 τό
1167 2539 1362 2605 σχῆμα.
1408 2537 1496 2589 δει
1507 2533 1614 2604 γὰρ
1634 2533 1738 2590 ἅν-

53 2606 287 2683 θρωπον
327 2619 571 2680 ξυνιέναι
609 2615 728 2672 κατ’
770 2616 913 2682 εἶδος
943 2617 1273 2689 λεγόμενον,
1312 2619 1373 2674 ἐκ
1402 2623 1630 2673 πολλῶν
1651 2615 1737 2672 ἰὸν

56 2698 373 2769 αἰσθήσεων
394 2705 469 2764 εἰς
489 2702 550 2755 ἓν
569 2708 812 2773 λογισμῷ
833 2701 1274 2771 ξυναιρούμενον
1288 2723 1298 2732 ·
1319 2706 1484 2756 τοῦτο
1505 2699 1568 2755 δέ
1583 2701 1734 2755 ἐστιν
1766 2713 1797 2755 C

55 2774 361 2852 ἀνάμνησις
379 2782 625 2850 ἐκείνων,
648 2781 685 2837 ἅ
707 2781 830 2837 ποτ’
853 2781 996 2839 εἶδεν
1015 2781 1225 2855 ἡμῶνὴ
1247 2781 1392 2853 ψυχὴ
1416 2801 1737 2853 συμπορευ-

55 2866 215 2917 &aaa
233 2868 347 2934 θεῷ
368 2867 459 2920 καὶ
484 2862 824 2933 ὑπεριδοῦσα
846 2863 881 2920 ὁὶ
901 2873 1008 2922 νῦν
1025 2865 1169 2923 εἷναί
1184 2888 1386 2937 φαμεν,
1409 2866 1497 2920 καὶ
1519 2862 1735 2920 ἀνακύα
