2028 3198
0 125 11 145 ‘
76 154 184 196 115·
729 99 1114 190 ΦΑΙΔΡοΣ.
1656 108 1761 189 ’253

75 282 334 351 ποιητέον
355 281 418 335 ἐν
434 278 733 347 κατηγορίᾳ
751 293 809 327 τε
828 274 916 328 καὶ
947 270 1231 347 α’πολογίᾳ.
1270 271 1372 328 τὸν
1390 272 1450 329 δὲ
1467 268 1762 329 κάλλιστον

75 361 293 430 Πάριον
308 358 539 431 Εὐηνὸν
567 361 643 421 εἰς
660 357 830 426 μέσον
851 352 954 410 οὐκ
974 352 1210 426 ἄγομεν,
1249 353 1311 422 ὃς
1329 352 1686 427 ὖποδήλωσίν
1702 376 1761 411 τε

73 449 292 511 πρῶτος
318 434 449 509 εὗρε
475 441 566 495 καὶ
598 442 975 505 παρεπαίνους
991 457 1003 467 ·
1040 439 1098 492 οἰ
1113 434 1164 491 δ’
1199 435 1375 493 αὐτὸν
1393 440 1485 494 καὶ
1503 437 1763 510 παραφό-

73 545 211 595 γους
247 524 420 594 φασὶν
456 524 517 577 ἐν
553 523 731 594 μέτρῳ
761 521 939 590 λέγειν
968 518 1186 590 μνήμης
1215 519 1403 590 χάριν·
1441 519 1616 591 σοφὸς
1648 519 1758 592 γὰρ

75 604 235 676 α’νήρ.
280 610 475 660 Τισίαν
497 604 556 660 δὲ
574 608 818 673 Γοργίαν
837 624 894 659 τε
915 602 1152 672 ἐάσομεν
1182 600 1396 673 εὕδειν,
1438 608 1495 659 οἳ
1517 602 1624 673 πρὸ
1645 610 1760 660 τῶν

74 686 307 760 άληθῶν
324 686 391 743 τὰ
414 687 596 744 εἰκότα
618 685 767 743 εἶδον
787 682 861 751 ὥς
879 686 1100 756 τιμητέα
1118 690 1355 756 μᾶλλον,
1378 684 1444 742 τά
1463 708 1520 742 τε
1539 680 1613 741 αὖ
1634 702 1762 758 σμι-

74 770 183 839 κρὰ
211 771 421 842 μεγάλα
443 772 535 826 καὶ
562 768 629 825 τὰ
649 771 859 840 μεγάλα
878 766 1079 839 σμικρὰ
1099 775 1404 838 φαίνεσθαι
1424 774 1647 824 ποιοῦσι
1666 766 1757 824 διὰ

73 852 267 925 ῥώμην
300 852 499 923 λόγου,
539 852 705 908 καινά
740 874 797 907 τε
834 849 1069 921 ἀρχαίως
1102 851 1169 906 τά
1199 848 1249 905 τ’
1283 852 1506 906 ἐναντία
1534 856 1757 920 καινῶς,
1789 860 1822 902 1>

74 940 381 1006 συντομίαν
410 956 468 990 τε
490 935 677 1005 λόγων
694 936 785 991 καὶ
803 932 1003 1005 ἄπειρα
1031 932 1177 1005 μήκη
1197 935 1321 1003 περὶ
1339 933 1568 988 πάντων
1588 930 1759 989 ἀνεῦ-

71 1038 190 1090 ρον.
230 1025 405 1073 ταῦτα
434 1018 493 1074 δὲ
520 1016 748 1074 ἀκούων
774 1018 912 1073 ποτέ
933 1038 1044 1087 μου
1073 1015 1350 1086 Πρόδικος
1378 1018 1628 1088 ἐγέλασε,
1667 1018 1758 1072 καὶ

73 1101 245 1172 μόνος
265 1099 431 1167 αὐτὸς
451 1098 744 1173 εὑρηκέναι
763 1104 866 1171 ἔφη
890 1093 973 1155 m‘v
991 1104 1077 1156 δεῖ
1091 1099 1275 1171 λόγων
1299 1103 1521 1171 τέχνην·
1561 1102 1679 1155 δεῖν
1699 1098 1758 1154 δὲ

74 1181 202 1239 οὔτε
222 1190 452 1254 μακρῶν
476 1183 604 1240 οὔτε
624 1185 901 1255 βραχέων,
921 1182 1061 1238 ἀλλὰ
1082 1187 1335 1254 μετρίων.

214 1284 364 1334 ΦΑῙ.
420 1277 734 1348 Σοφιότατά
752 1298 815 1346 γε
828 1319 842 1343 ,
862 1270 908 1332 ὦ
923 1277 1182 1349 Πρόδικε.

214 1378 337 1428 ΣΩ.
387 1370 603 1428 Ἱππίαν
622 1371 680 1427 δὲ
701 1367 770 1425 οὐ
790 1372 1046 1443 λέγομενς
1067 1371 1217 1443 οἶμαι
1234 1373 1339 1444 γὰρ
1360 1369 1431 1427 ἄν
1450 1373 1757 1444 σύμψηφον

72 1453 222 1528 αὐτῷ
242 1457 331 1511 καὶ
347 1454 445 1510 τὸν
462 1453 676 1510 Ἠλεῖον
695 1457 856 1519 ξένον
874 1459 1150 1524 γενέσθαι.

214 1555 364 1605 ΦΑῙ.
423 1554 493 1604 Τί
507 1547 561 1604 δ’
583 1547 653 1604 οὗ
666 1573 680 1615 ;
1787 1554 1819 1598 C

212 1648 337 1699 ΣΩ.
399 1643 480 1698 Τὰ
509 1644 568 1699 δὲ
597 1643 803 1699 Πώλου
832 1650 949 1710 πῶς
979 1646 1268 1716 φράσομεν
1296 1639 1371 1700 αὖ
1398 1656 1630 1716 μουσεῖα
1659 1645 1758 1701 λό-

70 1747 213 1797 γων,
251 1723 313 1791 ὃς
342 1729 792 1794 διπλασιολογίαν
822 1728 911 1781 καὶ
941 1735 1327 1800 γνωμολογίαν
1355 1730 1446 1784 καὶ
1475 1733 1759 1784 εἰκονολο-

73 1812 217 1878 γίαν,
238 1805 531 1879 ὀνομάτων
548 1829 604 1863 τε
625 1815 977 1879 Λικυμνείων
1007 1808 1041 1866 ἃ
1070 1813 1260 1886 ἐκείνῳ
1284 1811 1600 1883 ἐδωρήσατο
1620 1813 1759 1881 πρὸς

71 1896 290 1961 ποίησιν
308 1889 583 1956 εὐεπείαςς

211 1989 363 2041 ΦΑΙ.
420 1986 814 2055 Πρωταγόρεια
839 1990 924 2057 δέ,
948 1980 993 2043 ὦ
1013 1989 1334 2058 Σώκρατες,
1357 1986 1462 2044 οὐκ
1480 1983 1553 2060 ἦν
1571 1992 1759 2060 μέντοι

69 2089 260 2123 τοιαυτ
303 2090 465 2134 αττα;

212 2167 335 2217 ΣΩ.
387 2161 714 2231 Ὀρθοέπειά
731 2169 797 2236 γέ
814 2187 920 2235 τις,
942 2157 986 2219 ὦ
1006 2176 1128 2232 παῖ,
1173 2166 1263 2219 καὶ
1289 2163 1430 2220 ἄλλα
1459 2164 1636 2221 πολλοὶ
1665 2166 1758 2222 καὶ

0 2285 5 2324 »μ
71 2243 229 2298 καλά,
267 2249 380 2299 τῶν
407 2266 469 2314 γε
489 2245 602 2317 μὴν
621 2247 877 2318 οἰκτρογό
883 2268 962 2302 ων
981 2248 1066 2302 ἐπὶ
1084 2252 1257 2317 γῆρας
1272 2248 1363 2302 καὶ
1383 2251 1579 2303 πενίαν
1598 2249 1757 2304 ἑλκο-

0 2340 5 2404 ῥ
70 2329 257 2397 μένων
291 2325 476 2397 λόγων
515 2334 909 2400 κεκρατηκέναι
943 2333 1104 2400 τέχνῃ
1140 2349 1234 2398 μοι
1265 2334 1519 2399 φαίνεται
1554 2330 1617 2387 τὰ
1655 2338 1757 2387 τοῦ

0 2410 8 2416 ’
72 2411 460 2478 Χαλκηδονίου
489 2414 719 2481 σθένος,
758 2409 974 2481 ὀργίσαι
1002 2431 1060 2465 τε
1090 2404 1165 2465 αὖ
1185 2413 1425 2478 πολλοὺς
1442 2411 1556 2486 ἅμα
1575 2413 1757 2479 δεινὸς

71 2489 215 2561 ἀνὴρ
235 2495 455 2563 γέγονε,
493 2495 583 2548 καὶ
605 2494 773 2549 πάλιν
801 2492 1162 2566 ὥργισμένοις
1187 2495 1411 2569 ἐπᾴδων
1427 2503 1644 2569 κηλεῖν,
1684 2496 1759 2563 ὥς
1795 2513 1828 2555 D

71 2578 202 2643 ἔφη·
242 2574 560 2645 διαβάλλειν
595 2597 651 2631 τε
690 2579 780 2632 καὶ
818 2576 1210 2632 ἀπολύσασθαι
1248 2578 1509 2651 διαβολὰς
1545 2578 1755 2652 ὁθενδὴ

69 2655 371 2724 κράτιστος.
411 2654 470 2711 τὸ
508 2657 564 2713 δὲ
598 2656 663 2728 δὴ
693 2661 846 2724 τέλος
873 2664 987 2714 τῶν
1014 2659 1199 2730 λόγων
1225 2667 1387 2735 κοινῇ
1416 2669 1586 2718 πᾶσιν
1614 2667 1755 2719 ἔοικε

68 2740 517 2809 συνδεδογμένον
534 2738 583 2794 εἷ
586 2762 688 2808 ναι,
712 2735 757 2815 ςὸ
775 2741 917 2806 τινὲς
934 2741 1036 2811 μὲν
1051 2742 1346 2813 ἐπάνοδον,
1364 2743 1523 2800 ἄλλοι
1540 2745 1598 2802 δὲ
1620 2745 1754 2803 ἄλλο

69 2823 318 2875 τίθενται
344 2819 534 2891 ὄνομα.
