2028 3198
275 122 378 173 232
879 122 1356 171 ΠΛΑΤΩΝΟΣ
1899 129 1955 174 94
2023 127 2026 130 ’

274 250 313 329 ᾗ
340 255 374 327 ἡ
403 262 506 311 τοῦ
535 260 743 323 πτεροῦ
772 252 941 322 φύσις
969 254 1210 324 ἄρδεται,
1246 258 1664 325 θερμανθέντος
1701 256 1759 312 δὲ
1793 257 1955 326 ἐτάκη

274 338 340 392 τά
361 340 483 407 περὶ
499 333 602 407 τὴν
619 340 884 404 ἔκφυσιν,
905 332 940 389 ὁὶ
962 335 1131 390 πάλαι
1149 332 1258 391 ὑπὸ
1281 335 1650 407 σκληρότητος
1669 355 1956 407 συμμεμυ-

275 417 410 473 κότα
450 416 595 488 εἶργε
629 413 702 486 μὴ
740 415 1099 488 βλαστάνειν,
1137 419 1484 489 ἐπιρρυείσης
1522 419 1580 475 δὲ
1616 426 1710 490 τῆς
1748 424 1958 489 τροφῆς

276 497 457 572 ᾤδησέ
483 521 540 554 τε
571 499 663 554 καὶ
693 495 913 568 ὥρμησε
944 496 1194 567 φύεσθαι
1221 496 1328 554 ἀπὸ
1360 505 1455 570 τῆς
1484 501 1628 572 ῥίζης
1654 498 1682 556 ὁ
1706 505 1805 555 τοῦ
1825 521 1955 555 πτε-

276 587 380 649 ροῦ
400 580 606 644 καυλὸς
631 576 736 635 ὑπὸ
761 586 874 634 πᾶν
892 577 952 634 τὸ
979 586 1073 650 τῆς
1092 585 1270 651 ψυχῆς
1301 579 1443 646 εἶδος
1457 604 1467 613 ·
1507 588 1658 636 πᾶσα
1677 580 1782 651 γὰρ
1801 575 1872 651 ἧν
1890 578 1951 636 τὸ

274 661 443 718 πάλαι
464 661 730 732 πτερωτή.

414 748 618 800 XXXII.
692 750 792 798 Ζεῖ
816 736 921 798 οὖν
949 745 1011 798 έν
1037 741 1214 816 τούτῳ
1247 741 1348 814 ὅλη
1386 746 1478 799 καὶ
1515 743 1824 816 ἀνακηκίει,
1865 746 1956 799 καὶ

213 837 245 880 G
276 825 412 896 ὅπερ
443 823 504 880 τό
533 831 648 880 τῶν
668 822 1172 894 ὀδοντοφυούντων
1203 823 1389 890 πάθος
1418 827 1542 895 περὶ
1571 824 1700 890 τοὺς
1723 824 1956 890 ὀδόντας

273 910 543 976 γίγνεται,
583 903 721 959 ὅταν
750 904 876 974 ἄρτι
905 911 1122 975 φυῶσι,
1160 911 1353 975 κνῆσίς
1380 927 1438 961 τε
1468 907 1559 961 καὶ
1589 904 1958 976 ἀγανάκτησις

275 988 485 1056 περὶτὰ
505 981 670 1056 οὖλα,
707 985 912 1042 ταύτὸν
931 989 998 1058 δὴ
1019 992 1305 1043 πέπονθεν
1323 986 1356 1058 ἡ
1377 994 1479 1043 τοῦ
1496 999 1832 1058 πτεροφυεῖν
1854 986 1956 1055 ἀρ-

274 1071 513 1140 χομένου
562 1068 731 1139 ψυχή·
780 1073 859 1134 ζεῖ
901 1090 959 1123 τε
994 1070 1085 1124 καὶ
1122 1067 1415 1138 ἀγανακτεῖ
1452 1070 1544 1124 καὶ
1578 1073 1955 1138 γαργαλίζεται

274 1150 502 1220 φύουσα
536 1150 603 1205 τὰ
641 1150 827 1219 πτερά.
867 1149 1005 1205 ὅταν
1034 1151 1136 1221 μὲν
1166 1144 1271 1204 οὖν
1300 1152 1583 1220 βλέπουσα
1606 1147 1745 1218 πρὸς
1770 1146 1954 1203 τὸτοῦ

273 1229 469 1296 παιδὸς
487 1230 690 1295 κάλλος
710 1233 927 1286 ἐκεῖθεν
946 1233 1082 1302 μέρη
1104 1229 1328 1285 ἐπιόντα
1347 1233 1439 1286 καὶ
1459 1232 1684 1301 ῥέοντα,
1717 1226 1752 1284 ὁὶ
1773 1226 1838 1298 δὴ
1862 1226 1948 1283 διὰ

271 1321 445 1368 ταῦτα
476 1316 663 1383 ἵμερος
691 1321 959 1384 καλεῖται,
995 1314 1256 1384 δεχομένη
1287 1311 1385 1367 τὸν
1416 1315 1608 1382 ἵμερον
1637 1310 1874 1382 ἄρδηταί
1898 1330 1955 1363 τε

206 1405 242 1446 D
272 1396 363 1450 καὶ
383 1398 774 1465 θερμαινηται,
812 1401 975 1466 λωφα
992 1415 1049 1449 τε
1067 1400 1163 1465 τῆς
1181 1391 1389 1464 ὀδύνης
1406 1397 1498 1449 καὶ
1515 1397 1782 1465 γέγηθεν·
1821 1391 1950 1447 ὅταν

273 1478 331 1533 δε
359 1478 522 1547 χωρὶς
540 1479 762 1547 γένηται
781 1480 871 1532 καὶ
894 1475 1145 1548 αύχμήσῃ
1159 1518 1174 1546 ‚
1194 1474 1259 1531 τὰ
1279 1481 1393 1530 τῶν
1412 1476 1674 1541 διεξόδων
1694 1476 1953 1546 στόματα,

270 1552 308 1630 ᾗ
325 1557 386 1614 τὸ
409 1558 612 1628 πτερὸν
634 1557 796 1632 ὁρμᾷ,
818 1559 1267 1629 συναυαινόμενα
1287 1557 1540 1628 μύσαντα
1560 1556 1834 1614 ἀποκλείει
1852 1557 1955 1627 τὴν

269 1640 515 1711 βλάστην
534 1647 636 1695 τοῦ
655 1646 890 1710 πτεροῦ,
926 1637 961 1711 ἡ
995 1638 1046 1694 δ’
1079 1637 1235 1704 ἐντὸς
1256 1638 1390 1710 μετὰ
1410 1648 1511 1694 τοῦ
1539 1642 1731 1711 ἱμέρου
1751 1638 1954 1694 ἀποκε-

269 1723 539 1793 κλῃμένη,
577 1725 806 1792 πηδῶσα
839 1720 959 1777 οἷον
988 1720 1054 1776 τὰ
1077 1722 1384 1792 σφύζοντα,
1423 1728 1488 1794 τῇ
1509 1722 1732 1795 διεξόδῳ
1758 1725 1954 1792 ἐγχρίει

273 1805 474 1877 ἑκάστῃ
502 1811 572 1876 τῇ
600 1803 731 1859 καθ’
765 1803 970 1875 αὑτήν,
1013 1803 1151 1859 ὥστε
1182 1811 1331 1859 πᾶσα
1356 1809 1691 1875 κεντουμένη
1712 1801 1952 1876 κύκλῳὴ

269 1883 415 1957 ψυχὴ
439 1891 632 1958 οἰστρᾷ
650 1886 740 1939 καὶ
761 1883 1053 1940 ὀδυνᾶται·
1092 1885 1313 1956 μνήμην
1333 1884 1383 1940 δ’
1419 1881 1493 1940 αὖ
1513 1890 1712 1957 ἔχουσα
1729 1892 1831 1940 τοῦ
1852 1907 1955 1939 κα-

269 1975 373 2024 λοῦ
400 1971 655 2038 γέγηθεν.
695 1969 755 2022 ἐκ
786 1965 840 2021 δ’
875 1965 1206 2037 ἀμφοτέρων
1234 1971 1581 2038 μεμιγμένων
1611 1966 1883 2037 ἀδημονεϊ
1894 1986 1952 2020 τε

205 2068 237 2107 Ε
269 2056 336 2123 τῇ
355 2047 554 2122 ἀτοπίᾳ
581 2054 682 2104 τοῦ
703 2048 923 2111 πάθους
942 2050 1031 2102 καὶ
1053 2045 1341 2117 ἀποροῦσα
1360 2054 1531 2121 λυττᾷ
1543 2090 1558 2118 ,
1591 2050 1680 2103 καὶ
1710 2046 1954 2118 ἐμμανὴς

269 2125 409 2186 οὖσα
447 2130 576 2187 οὔτε
605 2127 806 2194 νυκτὸς
837 2129 1070 2185 δύναται
1097 2130 1399 2185 καθεύδειν
1429 2128 1557 2185 οὔτε
1588 2127 1719 2199 μεθ’
1740 2127 1954 2200 ἡμέραν

268 2208 340 2269 οὗ
358 2211 432 2270 ἄν
450 2208 488 2287 ᾗ
505 2217 719 2284 μένειν,
756 2221 854 2268 θεῖ
870 2211 930 2268 δὲ
948 2220 1234 2282 ποθοῦσα,
1258 2211 1402 2267 ὅπου
1422 2208 1494 2267 ἂν
1516 2219 1693 2282 οἴηται
1713 2209 1952 2277 ὄψεσθαι

266 2296 365 2352 τὸν
387 2301 580 2367 ἔχοντα
599 2295 659 2351 τὸ
684 2296 909 2394 κάλλος·
933 2300 1128 2351 ιδοῦσα
1149 2295 1207 2351 δὲ
1229 2297 1319 2351 καὶ
1340 2296 1810 2365 ἐποχετευσαμένη
1829 2296 1949 2363 ἵμε-

268 2399 371 2449 ρον
390 2381 549 2432 ἔλυσε
568 2399 672 2447 μεν
689 2400 753 2432 τα
775 2377 898 2432 τότε
918 2378 1395 2447 συμπεφραγμένα
1408 2418 1422 2446 ,
1461 2374 1751 2446 ἀναπνοὴν
1773 2375 1831 2431 δὲ
1852 2381 1950 2428 λα-

265 2465 445 2532 βοῦσα
473 2463 719 2527 κέντρων
739 2480 798 2514 τε
816 2461 906 2515 καὶ
928 2456 1144 2514 ωδινων
1163 2462 1380 2527 ἔληξεν
1411 2454 1624 2529 ἡδονὴν
1644 2455 1695 2511 δ’
1720 2450 1792 2510 αὖ
1813 2455 1949 2510 ταύ-
2018 2454 2028 2467 ’

150 2558 235 2601 252
263 2564 364 2612 την
379 2540 730 2612 γλυκυτάτην
749 2543 809 2595 ἐν
823 2547 902 2613 τῷ
917 2541 1149 2608 παρόντι
1164 2546 1485 2607 καρποῦται.
1510 2538 1649 2594 ὅθεν
1663 2537 1729 2609 δη
1746 2539 1948 2592 ἑκοῦσα

266 2623 405 2679 εἶναι
425 2621 530 2678 οὐκ
549 2596 926 2693 ἀπολείπετάι,
949 2620 1084 2678 οὐδέ
1097 2645 1219 2678 τινα
1239 2629 1341 2679 τοῦ
1362 2627 1535 2677 καλοῦ
1555 2622 1678 2690 περὶ
1697 2625 1948 2681 πλείονος

266 2716 524 2775 ποιεῖται,
545 2702 684 2760 ἀλλά
702 2706 955 2774 μητέρων
976 2726 1032 2759 τε
1052 2706 1142 2759 καὶ
1162 2703 1423 2774 ἀδελφων
1441 2706 1531 2758 καὶ
1551 2704 1782 2771 ἑταίρων
1801 2699 1944 2754 πάν-

262 2808 376 2840 των
396 2788 675 2856 λέλησται,
716 2788 805 2841 καὶ
827 2785 1017 2850 οὐσιας
1037 2784 1111 2841 δι’
1133 2785 1390 2856 ἀμέλειαν
1409 2782 1789 2853 ἀπολλυμένης
1809 2777 1940 2851 παρ’

2015 2610 2028 2948 33
