2028 3198
640 137 1235 190 ΠΑΡΜΕΝΙΔΗΣ.
1721 133 1790 185 33

107 283 167 334 τό
192 280 283 349 ἓν,
322 280 599 344 νεωτέρου
625 269 699 328 ἀν
726 272 1062 343 γιγνομένου
1081 271 1285 327 ἑαυτοῦ
1304 268 1686 340 πρεσβύτερον
1703 273 1790 338 γί-

104 381 317 432 γνοιτος
341 356 594 428 Ἀνάγκη.
649 359 907 424 Γίγνεται
929 375 1031 423 μεν
1049 349 1116 424 δὴ
1148 348 1425 421 νεώτερόν
1451 371 1508 406 τε
1535 349 1626 406 καὶ
1654 371 1790 419 πρε-

104 442 376 514 σβύτερον
406 435 583 494 αὑτοῦ
609 435 799 500 οὕτως.
852 439 982 490 Ναί.
1025 432 1177 488 ’Ἐστι
1197 433 1255 489 δὲ
1287 433 1668 505 πρεσβύτερον
1696 425 1788 503 ἀρ’

105 522 206 594 οὐχ
224 520 361 578 ὅταν
376 518 515 577 κατὰ
533 518 636 575 τόν
654 524 764 574 νῦν
782 515 990 588 χρόνον
1007 508 1045 587 ᾗ
1061 514 1428 585 γιγνόμενον,
1465 511 1566 569 τὸν
1585 511 1790 584 μεταξὺ

102 610 205 660 τοῦ
233 597 305 674 ἦν
334 624 392 658 τε
421 602 513 657 καὶ
540 603 721 667 ἔσται;
759 597 828 654 οὐ
856 596 964 668 γάρ
997 616 1107 651 που
1126 594 1511 666 πορευόμενόν
1528 615 1591 664 γε
1612 596 1670 650 ἐκ
1689 602 1789 650 τοῦ

102 687 234 742 ποτὲ
254 689 331 748 εἰς
350 682 410 739 τὸ
434 686 618 738 ἔπειτα
637 679 1010 752 ὑπερβήσεται
1027 674 1088 733 τὸ
1112 674 1362 732 νῦν.οὐ
1379 676 1502 745 γάρ.
1547 669 1660 744 Ἀρ’
1685 669 1788 732 οὖν

104 765 209 823 οὔκ
227 767 431 835 ἐπίσχει
449 764 573 819 τότε
590 770 693 820 τοῦ
712 768 1005 833 γίγνεσθαι
1025 758 1428 830 πρεσβύτερον,
1467 756 1692 813 ἐπειδὰν
1714 761 1791 830 τῷ
1823 784 1853 824 0

103 854 212 903 νῦν
243 846 469 919 ἐντύχῃ,
507 847 600 901 καὶ
630 842 700 900 οὐ
727 849 975 915 γίγνεται
994 838 1119 897 ἀλλ’
1143 845 1257 896 ἔστι
1277 839 1372 896 τότ
1380 836 1521 910 ’ἤδη
1543 814 1790 910 πρεσβυ-

102 950 295 997 τερον;
315 927 516 998 προτὸν
534 925 640 997 γὰρ
663 923 768 981 οὐκ
788 925 862 980 α’ν
880 944 1010 980 ποτε
1030 927 1272 993 ληφθείη
1297 919 1408 976 ’ὑπὸ
1428 926 1530 976 τοῦ
1545 918 1787 976 νῦν.τὸ

101 1008 210 1081 γὰρ
230 1008 431 1081 προϊὸν
448 1007 627 1073 οὕτως
646 1012 751 1079 ἔχει
772 1006 845 1073 ὡς
864 1005 1197 1079 ἀμφοτέρων
1215 1003 1589 1075 ἐφάπτεσθαι,
1609 1009 1711 1058 τοῦ
1732 1024 1789 1058 τε

101 1097 211 1146 νῦν
228 1092 439 1147 καὶτοῦ
457 1093 667 1160 ἔπειτα,
687 1095 789 1145 τοῦ
808 1091 910 1159 μὲν
927 1094 1037 1143 νῦν
1057 1085 1388 1158 ἀφιέμενον,
1408 1093 1509 1140 τοῦ
1529 1081 1580 1140 δ’
1606 1089 1791 1140 ἔπειτα

102 1170 641 1244 ἐπιλαμβανόμενον,
661 1170 863 1242 μεταξὺ
883 1168 1215 1242 ἀμφοτέρων
1231 1165 1593 1238 γιγνόμενον,
1613 1173 1714 1222 τοῦ
1732 1188 1790 1222 τε

103 1259 287 1310 ἔπειτα
314 1255 526 1310 καὶτοῦ
545 1260 669 1309 νῦν.
714 1250 939 1323 Ἀληθῆ.
997 1254 1070 1306 Ec
1085 1251 1149 1307 δέ
1162 1270 1225 1320 γε
1249 1248 1463 1320 ἀνάγκη
1487 1250 1560 1321 μὴ
1583 1257 1788 1321 παρελ-

103 1344 234 1392 θεῖν
260 1336 323 1392 τό
354 1341 463 1391 νῦν
492 1341 606 1389 πᾶν
631 1335 694 1389 τό
724 1332 1084 1404 γιγνόμενον,
1123 1329 1350 1388 ἐπειδὰν
1381 1330 1519 1387 κατὰ
1548 1337 1712 1387 τοῦτο
1731 1333 1786 1403 ᾐ,

102 1420 306 1488 ἐπίσχει
334 1415 419 1472 ἀεὶ
436 1422 538 1471 τοῦ
557 1421 850 1486 γίγνεσθαι
868 1415 958 1469 καὶ
978 1418 1090 1469 ἔστι
1108 1414 1231 1469 τότε
1251 1419 1415 1468 τοῦτο
1436 1410 1469 1468 ὅ
1486 1434 1537 1467 τι
1555 1409 1628 1467 ἀν
1648 1412 1784 1485 τύχῃ
1815 1432 1850 1472 1)

100 1498 453 1569 γιγνόμενον.
489 1502 766 1552 Φαίνεται.
807 1496 915 1551 Καὶ
934 1493 995 1550 vd
1017 1493 1123 1550 ἕν’
1098 1494 1235 1564 α’ρα,
1256 1492 1393 1548 ὅταν
1410 1492 1789 1564 πρεσβύτερον

98 1578 437 1650 γιγνόμενον
454 1577 651 1651 ἐντύχῃ
670 1583 745 1651 τῷ
770 1583 878 1632 νῦν
889 1579 1115 1647 ,ἐπέσχε
1134 1581 1237 1630 τοῦ
1255 1581 1547 1645 γίγνεσθαι
1565 1576 1657 1629 καὶ
1675 1578 1787 1629 ἔστι

100 1660 224 1717 τότε
251 1661 645 1732 πρεσβύτερον.
698 1659 864 1715 Πάνυ
892 1680 996 1729 μεν
1023 1651 1144 1713 οὖν.
1203 1655 1434 1712 Οὐκοῦν
1466 1648 1640 1723 οὗπερ
1678 1657 1788 1725 ἐγί-

101 1763 261 1813 γνετο
291 1741 700 1813 πρεσβύτερον,
738 1741 943 1796 τούτου
970 1740 1061 1795 καὶ
1089 1742 1263 1794 ἔστιν·
1303 1739 1546 1807 ἐγίγνετο
1586 1736 1645 1792 δὲ
1683 1734 1788 1790 αὑ-

99 1830 230 1891 τοῦ;
274 1829 402 1882 Ναί.
458 1823 608 1878 ’Ἐστι
627 1820 686 1878 δὲ
704 1820 765 1878 τό
788 1822 1167 1894 πρεσβύτερον
1187 1820 1462 1887 νεωτέρου
1482 1817 1788 1889 πρεσβύτε-

100 1928 231 1975 ρον;
255 1905 460 1962 ”Eoum
515 1907 623 1960 Καὶ
657 1903 933 1974 νεώτερον
969 1901 1078 1972 ἄρα
1115 1901 1238 1958 τότε
1269 1898 1445 1955 αὑτοῦ
1472 1899 1583 1954 ἐστὶ
1611 1896 1672 1954 τὸ
1704 1899 1784 1967 ἓν,

98 1986 236 2044 ὅταν
269 1986 650 2059 πρεσβύτερον
677 1985 1011 2058 γιγνόμενον
1040 1984 1239 2057 ἐντύχῃ
1258 1989 1335 2056 τῷ
1354 1987 1476 2037 νῦν.
1531 1978 1780 2051 Ἀνάγκη.

105 2068 183 2126 Τό
208 2091 273 2141 γε
301 2069 413 2142 μὴν
442 2075 549 2124 νῦν
575 2067 659 2124 ἀεὶ
687 2067 918 2138 πάρεστι
951 2074 1028 2141 τῷ
1059 2067 1138 2123 ἑνὶ
1159 2064 1247 2122 διὰ
1269 2060 1476 2127 παντὸς
1499 2066 1598 2116 τοῦ
1619 2061 1783 2117 εἶναι·
1813 2079 1845 2120 Ε

32 2150 34 2153 ’
99 2156 213 2207 ἔστι
231 2149 338 2221 γάρ
360 2148 443 2206 ἀεὶ
463 2157 571 2206 νῦν
590 2149 832 2217 ὅτανπερ
851 2144 902 2222 ᾗ.
953 2154 1083 2213 Πῶς
1102 2145 1208 2218 γὰρ
1231 2145 1301 2200 οὔ
1313 2169 1327 2212 ;
1346 2143 1449 2199 Ἀεὶ
1467 2143 1574 2212 ἄρα
1596 2145 1716 2198 ἐστί
1727 2159 1785 2198 τε

29 2262 41 2281 -.
99 2233 191 2288 καὶ
225 2240 470 2303 γίγνεται
506 2229 886 2302 πρεσβύτερον
923 2233 1124 2286 ἑαυτοῦ
1167 2229 1258 2283 καὶ
1295 2226 1568 2296 νεώτερον
1603 2223 1665 2280 τὸ
1705 2226 1780 2281 ἓν.

87 2310 317 2369 Ἔοικεν.
371 2318 554 2369 Πλείω
584 2312 642 2369 δὲ
672 2313 879 2383 χρόνον
914 2309 1047 2365 αὐτὸ
1080 2311 1281 2366 ἑαυτοῦ
1299 2312 1447 2363 ἔστιν
1465 2303 1501 2379 ἦ
1520 2312 1780 2378 γίγνεται,

98 2389 135 2464 ἦ
163 2392 263 2449 τὸν
292 2402 444 2459 ἴσους
485 2393 599 2450 Τὸν
618 2402 755 2450 ἴσον.
807 2391 966 2449 Ἀλλά
997 2391 1107 2463 μὴν
1135 2391 1234 2447 τόν
1264 2412 1325 2461 γε
1360 2398 1484 2446 ἴσον
1512 2389 1720 2461 χρόνον
1747 2384 1783 2458 ἦ

99 2474 432 2546 γιγνόμενον
451 2472 487 2546 ἦ
505 2472 574 2531 ὂν
591 2475 694 2546 τὴν
713 2472 887 2545 αὐτὴν
908 2473 1130 2544 ἡλικίαν
1148 2477 1268 2544 ἔχει.
1323 2478 1453 2537 Πῶς
1474 2470 1526 2526 δ’
1559 2469 1631 2526 οὔ
1642 2493 1657 2538 ;
1705 2468 1778 2525 Τὸ

16 2581 19 2586 ·
98 2554 156 2610 δὲ
186 2554 288 2626 τὴν
317 2553 495 2626 αὐτὴν
522 2554 742 2625 ἠλικίαν
770 2560 896 2625 ἔχον
924 2554 1050 2611 οὔτε
1081 2553 1461 2626 πρεσβύτερον
1481 2551 1610 2609 οὔτε
1642 2551 1783 2607 νεώ·-

32 2687 36 2692 ,
94 2635 261 2702 τερόν
289 2639 450 2690 ε’.στιν
513 2633 598 2690 06
626 2635 747 2704 γάρ.
810 2633 884 2691 Τό
917 2638 981 2692 ἓν
1009 2636 1118 2706 ἄρα
1147 2633 1246 2691 τὸν
1275 2643 1398 2691 ἴσον
1418 2633 1625 2732 χρόνον
1645 2628 1779 2686 αὐτὸ

35 2772 57 2786 ,
32 2717 271 2790 ἑαυτῷ
291 2718 380 2771 καὶ
400 2715 734 2786 γιγνόμενον
753 2713 895 2772 nal*
862 2739 930 2773 ον
949 2739 1078 2774 ουτε
1097 2717 1372 2787 νεώτερον
1388 2715 1516 2772 οὕτε
1533 2711 1775 2784 πρεσβύ-

31 2797 58 2920 3
94 2798 492 2922 τεροιῖ)ῑὲξτιὲτῗῖ3
522 2800 669 2854 ἐστὶν
699 2796 827 2854 οὐδὲ
847 2805 1103 2870 γίγνεται.
1158 2798 1246 2855 Οὔ
1266 2818 1359 2869 μοι
1377 2802 1542 2922 Gom}
1606 2800 1676 2850 Τί
1690 2797 1780 2857 <553
