2028 3198
518 0 843 204 ss
901 102 1376 150 ΠΛΑΤΩΝΟΣ
1915 63 1982 150 ’32

1957 228 1977 251 ῗ

300 237 390 291 καὶ
408 229 731 303 ἀνθρώπων
750 234 947 304 νόημα.
994 226 1182 303 οὗτος,
1203 237 1309 305 ἔφη
1323 276 1338 305 ,
1359 233 1388 289 ὁ
1408 234 1540 303 παρ’
1562 237 1698 305 ἐμοῦ
1718 235 1974 303 λόγος,ω

302 321 535 387 Φοίῖδρε,
555 321 630 389 τῷ
650 321 770 390 θεω
790 312 1134 384 ἀνακείσθω,
1156 316 1222 370 τὰ
1241 317 1340 386 μὲν
1359 320 1605 387 παιδιᾶς,
1637 338 1703 372 τα
1724 319 1781 372 δὲ
1801 333 1978 371 σπου-
2026 375 2028 378 ,

300 405 398 470 δῆς
417 402 662 469 μετρίας,
685 396 817 453 καθ’
842 397 978 453 όσον
996 396 1102 467 ἐγω
1126 397 1395 469 δύναμαι,
1417 403 1670 470 μετέχων
2024 447 2028 450 .

187 488 272 534 198
439 486 551 536 ΧΧ.
625 479 898 545 Εἰπόντος
919 479 977 535 δὲ
997 486 1099 534 τοῦ
1114 478 1429 550 Ἀγάθωνος
1444 482 1653 547 πάντας
1668 486 1771 552 ἔφη
1789 479 1817 537 ὁ
1836 480 1979 551 Ἀρι-
2023 494 2028 551 j

301 562 571 634 στόδημος
599 559 1024 633 άναθορυβῆσαι
1049 561 1180 627 τοῦς
1208 562 1510 634 παρόντας,
1546 561 1619 628 ὡς
1655 563 1977 636 πρεπόντως
2024 568 2028 572 ’

299 651 400 701 τοῦ
430 649 731 700 νεανίσκου
761 643 1044 714 εἰρηκότος
1071 645 1161 699 καὶ
1192 643 1344 716 αὐτῷ
1361 647 1453 701 καὶ
1472 653 1549 718 τῷ
1566 653 1699 721 θεῷ.
1753 645 1851 702 τὸν
1871 667 1978 701 ουν

300 728 575 798 Σωκράτη
609 731 782 782 εἰπεῖν
810 729 1088 797 βλέψαντα
1120 730 1196 790 εἰς
1212 724 1311 780 τὸν
1323 724 1707 798 Ἐρυξίμαχον,
1738 722 1869 795 Αρά
1892 745 1978 782 σοι
2024 771 2028 775 -

302 814 447 864 δοκῶ
462 851 477 879 ,
499 809 698 879 φάναι,
722 830 764 862 ω
783 819 886 862 παῖ
902 806 1271 878 Ἀκουμενοῦ,
1303 807 1456 874 ἀδεες
1475 808 1644 864 πάλαι
1662 811 1783 874 δέος
1805 811 1980 864 δεδιέ-

299 913 418 962 ναι,
441 888 562 945 ἀλλ’
585 887 654 944 οὐ
672 910 970 960 μαντικως,
991 886 1026 943 ὁὶ
1045 896 1152 943 νῦν
1173 889 1238 961 δὴ
1261 895 1477 962 ἔλεγον,
1501 897 1697 962 εἰπεῖν,
1721 891 1804 947 ὅτι
1820 889 1980 960 Ἀγά-
2021 898 2028 910 ’

300 982 427 1029 θων
446 977 784 1043 θαυμαστῶς
803 973 935 1041 ἐροῖ,
955 970 1058 1040 ἐγώ
1082 969 1132 1025 δ’
1159 970 1517 1043 άπορήσοιμι;
1555 971 1628 1028 T6
1650 976 1750 1044 μὲν
1769 975 1975 1042 ἕτερον,
2023 1044 2025 1046 ³

302 1056 476 1126 φάναι
512 1053 612 1110 τὸν
635 1051 1017 1123 Ἐρυξίμαχον,
1057 1060 1330 1123 μαντικῶς
1357 1076 1449 1124 μοι
1481 1058 1658 1119 δοκεῖς
1686 1058 1977 1125 εἰρηκέναι,

241 1146 271 1186 Β
305 1138 387 1193 ὅτι
402 1136 658 1208 Ἀγάθων
678 1130 742 1191 εὖ
760 1138 875 1206 ἐρεῖ
884 1156 894 1167 ·
934 1134 994 1190 τὸ
1019 1136 1078 1191 δὲ
1096 1136 1155 1190 σὲ
1175 1134 1503 1206 άπορήσειν,
1526 1135 1628 1191 οὐκ
1650 1134 1811 1205 οἶμαι.
1870 1136 1978 1189 Καὶ
2027 1198 2028 1201 ¹

301 1228 417 1286 πῶς
430 1263 445 1290 ,
467 1215 511 1274 ὦ
530 1222 789 1290 μακάριε,
824 1222 998 1274 εἰπεῖν
1015 1215 1116 1272 τὸν
1135 1217 1433 1287 Σωκράτη,
1466 1216 1534 1272 οὐ
1551 1221 1729 1287 μέλλω
1751 1215 1979 1283 άπορεΐν
2025 1286 2028 1287 ⁷

300 1305 390 1358 καὶ
419 1301 524 1371 ἐγώ
555 1302 645 1356 καὶ
676 1299 842 1365 ἄλλος
871 1297 1158 1369 ὁστισοῦν,
1198 1301 1413 1369 μέλλων
1443 1300 1616 1364 λέξειν
1645 1296 1777 1369 μετὰ
1807 1296 1979 1352 καλὸν
2025 1310 2028 1316 “

301 1383 447 1440 οὕτω
463 1385 554 1438 καὶ
570 1381 927 1437 παντοδαπὸν
943 1382 1113 1451 λόγον
1130 1384 1400 1452 ῥηθέντας
1420 1382 1509 1436 καὶ
1528 1379 1593 1435 τὰ
1611 1381 1712 1451 μὲν
1727 1379 1864 1435 ἄλλα
1881 1377 1980 1448 οὐχ
2016 1367 2028 1421 ‘.'

301 1466 503 1537 ὁμοίως
533 1469 634 1535 μὲν
660 1463 980 1535 θαυμαστά·
1022 1462 1082 1518 τὸ
1116 1462 1172 1516 δ’
1201 1465 1290 1518 ἐπὶ
1317 1469 1571 1532 τελευτῆς
1602 1469 1703 1517 τοῦ
1740 1463 1980 1525 κάλλους
2012 1462 2028 1538 »ζ

299 1555 412 1603 τῶν
432 1546 721 1619 ὀνομάτων
741 1549 832 1602 καὶ
850 1546 1109 1618 ῥημάτων
1128 1551 1207 1610 τίς
1226 1543 1327 1600 οὐκ
1346 1540 1418 1599 ἂν
1437 1544 1700 1614 ἐξεπλάγη
1731 1541 1980 1607 άκούων;
2021 1566 2028 1616 5

300 1631 415 1686 ἐπεὶ
431 1635 602 1700 ἔγωγε
617 1629 1053 1700 ἐνθυμούμενος,
1073 1627 1157 1683 ὅτι
1173 1625 1336 1691 αὐτὸς
1351 1625 1452 1696 οὐχ
1469 1622 1582 1691 οἶός
1596 1623 1634 1681 τ’
1656 1631 1846 1697 ἔσομαι
1863 1616 2028 1687 οὐδ’ῑ

246 1725 277 1765 C
303 1711 466 1781 ἐγγὺς
493 1710 708 1766 τούτων
737 1709 903 1767 οῦδεν
936 1709 1109 1766 καλὸν
1139 1715 1336 1780 εἰπεῖν,
1373 1707 1472 1763 ὑπ’
1503 1709 1763 1779 αἰσχύνης
1791 1707 1979 1777 ὀλίγου
2020 1720 2028 1739 ’-

303 1792 549 1860 ἀποδρὰς
583 1791 831 1864 ᾠχόμην,
876 1800 927 1847 εἴ
941 1812 1015 1863 πῃ
1037 1790 1196 1861 εἶχον.
1251 1794 1341 1846 καὶ
1359 1791 1464 1862 γάρ
1484 1813 1549 1861 με
1573 1788 1855 1860 Γοργίου
1834 1812 1862 1845 ο
1882 1789 1977 1844 λό-
2022 1808 2028 1846 -ἓ

302 1895 400 1943 γος
430 1871 859 1943 ἀνεμίμνησκεν,
903 1872 1039 1927 ω’στε
1077 1894 1316 1942 ατεχνως
1348 1871 1410 1926 τὸ
1449 1880 1550 1927 τοῦ
1580 1871 1819 1942 Ομήρου
1855 1875 1981 1926 ἐπε-
2020 1874 2021 1877 ’

306 1955 518 2025 πόνθη·
559 1954 879 2025 ἐφοβούμην
909 1953 981 2023 μή
1010 1975 1103 2022 μοι
1121 1960 1393 2008 τελευτῶν
1421 1952 1449 2007 ὁ
1467 1952 1721 2021 Ἀγάθων
1739 1958 1978 2020 Γοργίου

303 2033 551 2106 κεφαλὴν
589 2039 775 2090 δεινοῦ
813 2037 993 2105 λέγειν
1029 2037 1087 2089 ἐν
1121 2039 1197 2106 τῷ
1227 2033 1372 2106 λόγῳ
1403 2035 1489 2089 ἐπὶ
1518 2031 1618 2087 τὸν
1647 2034 1781 2104 ἐμὸν
1808 2033 1978 2102 λόγον

305 2126 520 2188 πέμψας
549 2114 723 2171 αὐτόν
751 2138 817 2187 με
848 2123 1013 2172 λίθον
1041 2122 1106 2188 τῇ
1124 2114 1346 2187 ἀφωνία
1366 2115 1621 2185 ποιήσειε.
1680 2117 1771 2169 καὶ
1792 2114 1981 2169 ἐνενό-

304 2216 411 2300 ησα
440 2199 562 2253 τότε
591 2197 698 2267 ἄρα
728 2201 1128 2268 καταγέλαστος
1158 2196 1263 2267 ὤν,
1300 2195 1463 2267 ἡνίκα
1492 2194 1625 2266 ὑμῖν
1656 2195 1973 2267 ὡμολόγουν
2026 2226 2028 2247 ;

244 2292 277 2332 D
309 2285 368 2335 ἐν
401 2286 476 2353 τῷ
494 2283 667 2369 μέρει
701 2277 834 2349 μεθ’
873 2278 1033 2349 ὑμων
1066 2279 1508 2349 ἐγκωμιάσεσθαι
1535 2277 1632 2333 τὸν
1650 2277 1859 2346 Ἔρωτα
1889 2298 1978 2331 και
2019 2259 2028 2353 ff

304 2367 446 2431 ἔφην
466 2360 604 2416 εἶναι
624 2360 803 2425 δεινὸς
821 2383 886 2416 τα
908 2361 1165 2432 ἐρωτικά,
1189 2359 1354 2416 οὐδεν
1378 2359 1577 2425 εἰδως’
1555 2360 1662 2429 άρα
1680 2366 1781 2415 τοῦ
1800 2359 1979 2430 πράγ-
2024 2385 2028 2391 ·

303 2465 499 2514 ματος,
539 2466 613 2508 ως
649 2448 756 2498 ἔδει
791 2444 1145 2514 ἐγκωμιάζειν
1174 2439 1380 2497 ὁτιοῦν.
1440 2441 1546 2511 ἐγω
1588 2445 1688 2511 μὲν
1725 2462 1831 2510 γαρ
1872 2436 1973 2492 ὑπ’
2017 2434 2028 2516 ᾖ

305 2523 620 2596 άβελτερίας
658 2524 813 2597 ὤμην
850 2530 964 2580 δεῖν
999 2524 1215 2626 τάληθη
1253 2525 1431 2593 λέγειν
1469 2524 1592 2593 περὶ
1620 2523 1851 2578 ἑκάστου
1877 2524 1976 2573 τοῦ

306 2607 802 2676 ἐγκωμιαζομένου,
845 2609 935 2662 καὶ
964 2613 1127 2662 τοῦτο
1158 2629 1259 2676 μεν
1286 2603 1582 2675 ὑπάρχειν,
1621 2605 1675 2668 ἐξ
1705 2599 1888 2656 αὐτῶν
1921 2600 1976 2655 δε
2021 2622 2028 2668 g

305 2687 520 2743 τούτων
536 2685 601 2742 τὰ
622 2687 883 2742 κάλλιστα
904 2691 1295 2758 ἐκλεγομένους
1314 2708 1388 2750 ως
1406 2684 1807 2755 εὐπρεπέστατα
1827 2683 1977 2735 τιθέ-

306 2792 421 2824 ναι·
458 2771 550 2825 καὶ
582 2770 732 2824 πάνυ
762 2768 827 2839 δὴ
858 2771 992 2838 μέγα
1023 2771 1304 2839 ἐφρόνουν
1335 2789 1408 2830 ως
1438 2769 1501 2820 εὐ
1521 2768 1687 2834 ἐρῶν,
1729 2783 1802 2825 ως
1822 2763 1977 2825 εἰδώς
2024 2770 2028 2798 ³
