2028 3198
277 132 347 184 44
872 118 1365 185 ΠΛΑΤῼΝΟΣ

277 272 328 322 εἰ
352 269 538 337 μέντοι
568 269 703 339 μήτε
732 269 791 321 τὸ
824 270 885 322 ἓν
904 265 1027 337 μήτ’
1052 270 1224 323 ἐκεῖνο
1246 267 1318 340 μὴ
1339 275 1509 340 ἔσται,
1547 271 1684 328 ἀλλά
1703 274 1826 342 περὶ
1848 273 1944 329 ἄλ-

275 356 378 404 λου
407 372 507 404 του
537 347 565 404 ὁ
589 348 776 418 λόγος,
817 347 946 404 οὐδὲ
968 351 1319 420 φθέγγεσθαι
1340 356 1425 407 δεῖ
1439 351 1627 409 οὐδέν·
1659 359 1709 409 εἰ
1726 355 1784 409 δὲ
1802 352 1862 409 τὸ
1886 357 1948 409 ἓν

274 432 450 485 ἐκεῖνο
484 432 575 485 καὶ
604 428 677 500 μὴ
708 427 841 484 ἄλλο
870 427 1154 485 ὑπόκειται
1186 431 1259 503 μὴ
1291 431 1458 504 εἶναι,
1496 437 1586 490 καὶ
1612 442 1714 491 τοῦ
1733 437 1948 491 ἐκείνου

274 513 362 565 καὶ
386 509 571 566 ἄλλων
602 515 825 566 πολλῶν
855 508 1067 583 ἀνάγκη
1098 509 1250 587 αὐτῷ
1268 526 1521 584 μετεῖναι.
1569 517 1679 572 Καὶ
1695 517 1847 571 πάνυ
1865 539 1943 586 γε.

271 593 382 647 Καὶ
420 590 745 663 ἀνομοιότης
779 588 870 659 ἄρ’
905 595 1052 646 ἔστιν
1086 591 1238 664 αὐτῷ
1272 594 1411 663 πρὸς
1445 597 1511 652 vo}
1539 596 1691 653 ἄλλα.
1744 596 1808 652 τοὶ
1836 597 1944 668 γὰρ

272 671 437 742 ἄλλα,
466 679 569 728 τοῦ
588 670 712 737 ἑνὸς
731 673 887 742 ἕτερα
907 672 1070 743 ὄντα,
1103 676 1310 746 ἑτεροῖα
1328 680 1418 732 καὶ
1437 686 1518 749 εἴη
1541 677 1627 733 ἄν.
1678 684 1807 734 Ναί.
1865 681 1944 733 To}

272 753 326 808 δ’
348 756 555 824 ἑτεροῖα
576 752 678 808 οὐκ
699 752 917 822 ἀλλοϊα;
953 762 1083 819 Παῖς
1104 755 1156 811 δ’
1179 757 1272 823 οὕς
1298 758 1376 814 Τὰ
1401 759 1451 813 δ’
1476 759 1666 815 ἀλλοῖα
1687 758 1789 814 οὐκ
1809 759 1944 814 ἀνό-

215 847 245 887 Β
272 856 426 906 μοια;
459 833 717 905 Ἀνόμοια
744 836 844 905 μὲν
872 831 990 891 οὖν.
1050 838 1274 895 Οὐκοῦν
1302 849 1453 913 εἴπερ
1482 849 1561 916 τῷ
1598 844 1678 898 ἑνὶ
1713 840 1944 912 ἀνόμοιά

271 919 405 985 ἐστι,
445 920 615 986 δῆλον
643 914 728 971 ὅτι
758 915 999 990 ἀνομοίῳ
1029 921 1096 974 τά
1124 944 1186 990 γε
1217 922 1450 994 ἀνόμοια
1483 923 1717 994 ἀνόμοια
1745 919 1816 978 ἀν
1844 931 1943 994 εἴη.

269 1005 476 1069 Δῆλον.
529 1005 633 1068 Εἴη
665 997 731 1069 δὴ
760 994 833 1053 ἀν
863 1002 951 1054 καὶ
981 1007 1060 1073 τῷ
1090 1004 1171 1058 ἑνὶ
1206 1002 1561 1076 ἀνομοιότης,
1599 1005 1737 1073 πρὸς
1770 1003 1842 1075 ἢν
1876 999 1942 1058 τὰ

275 1081 410 1136 ἄλλα
437 1078 672 1150 ἀνόμοια
702 1079 854 1149 αὐτῷ
883 1083 1044 1138 ἐστίν.
1091 1082 1315 1141 Ἔοικεν.
1371 1091 1444 1142 Εἰ
1459 1087 1517 1143 δὲ
1539 1084 1604 1157 δὴ
1625 1093 1739 1141 τῶν
1758 1085 1943 1142 ἄλλων

270 1159 598 1232 ἀνομοιότης
626 1166 772 1217 ε”στιν
801 1163 979 1236 αὐτῷ,
1020 1158 1110 1232 ἀρ’
1144 1165 1247 1221 οὐκ
1277 1166 1491 1238 ἀνάγκη
1523 1170 1725 1223 ἑαυτοῦ
1752 1166 1942 1238 ὁμοιό-

268 1266 401 1314 τητα
429 1242 580 1317 αὐτῷ
610 1243 772 1308 εἶναι;
799 1251 956 1310 Πώς;
995 1249 1067 1300 Εἰ
1091 1246 1214 1311 ἑνὸς
1245 1247 1571 1319 ἀνομοιότης
1603 1254 1715 1303 ἔστι
1743 1255 1818 1323 τῷ
1839 1251 1936 1317 ἑνί,

268 1324 372 1381 οὐκ
405 1325 478 1380 ἅν
508 1345 617 1381 που
646 1327 769 1396 περὶ
801 1332 903 1381 τοῦ
930 1327 1183 1383 τοιούτου
1203 1326 1231 1384 ὁ
1251 1330 1415 1399 λόγος
1434 1338 1515 1401 εἴη
1537 1333 1659 1385 οἵου
1677 1337 1778 1385 τοῦ
1800 1329 1938 1400 ἑνός,

269 1407 391 1463 οὐδ’
414 1404 536 1479 ἀνὴ
558 1406 828 1473 ὑπόθεσις
847 1417 927 1479 εἴη
948 1411 1070 1486 περὶ
1089 1409 1234 1478 ἑνός,
1256 1409 1393 1466 ἀλλά
1412 1414 1534 1479 περὶ
1555 1407 1780 1482 ἄλλονῆ
1802 1413 1937 1476 ἑνός.

209 1500 240 1543 G
267 1490 433 1544 Πάνυ
449 1512 526 1560 γε.
585 1490 669 1546 Οὐ
691 1495 777 1547 δεῖ
789 1495 852 1547 δέ
869 1514 947 1561 γε.
1006 1490 1091 1547 Οὐ
1112 1495 1261 1562 δῆτα.
1319 1500 1426 1547 Δεῖ
1439 1491 1529 1562 ἄρ’
1554 1490 1846 1562 ὁμοιότητα
1863 1499 1938 1565 τῷ

269 1572 348 1626 ἑνὶ
377 1569 552 1627 αὐτοῦ
584 1574 760 1647 ἑαυτῷ
790 1572 944 1628 εἶναι.
1002 1581 1118 1627 Δεῖ.
1174 1578 1283 1626 Καὶ
1311 1572 1422 1643 μὴν
1449 1570 1572 1626 οὐδ’
1595 1565 1668 1626 αὖ
1687 1580 1809 1628 ἴσον
1828 1575 1938 1628 ἐστὶ

265 1664 378 1716 τοῖς
406 1653 604 1716 ἄλλοις.
658 1658 708 1708 εἰ
731 1653 836 1722 γὰρ
859 1662 940 1723 εἴη
962 1662 1110 1724 ἴσον,
1150 1661 1230 1723 εἴη
1251 1674 1308 1708 τε
1330 1650 1401 1708 ἂν
1419 1652 1523 1724 ἤδη
1544 1655 1634 1709 καὶ
1655 1653 1848 1724 ὅμοιον
1867 1651 1938 1709 ἀν

267 1742 349 1803 εἴη
388 1733 573 1799 αὐτοῖς
610 1736 747 1789 κατὰ
783 1736 885 1804 τὴν
916 1736 1161 1805 ἰσότητα·
1193 1742 1364 1790 ταῦτα
1396 1733 1447 1790 δ’
1482 1734 1764 1806 ἀμφότερα
1797 1734 1939 1790 ἀδύ-

265 1836 430 1883 νατα,
469 1824 620 1884 εἴπερ
651 1813 722 1884 μὴ
756 1820 904 1870 ἔστιν
925 1819 999 1870 ἕν.
1053 1816 1338 1871 Ἀδύνατα.
1392 1816 1603 1887 Ἐπειδὴ
1625 1818 1683 1873 δὲ
1704 1815 1808 1872 οὐκ
1827 1822 1938 1872 ἔστι

263 1906 377 1959 τοῖς
393 1893 578 1960 ἄλλοις
596 1904 721 1951 ἴσον
735 1939 748 1965 ‚
787 1890 878 1964 ἀρ’
900 1895 1003 1951 οὐκ
1024 1896 1236 1967 ἀνάγκη
1258 1900 1346 1952 καὶ
1364 1892 1518 1952 τᾶλλ’
1541 1901 1729 1970 ἐκείνῳ
1751 1897 1823 1968 μὴ
1846 1907 1936 1953 ἴσα

263 1974 428 2041 εἷναι;
461 1975 711 2048 Ἀνάγκη.
774 1977 852 2031 Τὰ
883 1978 942 2033 δὲ
970 1978 1042 2049 μὴ
1075 1978 1165 2034 ἴσα
1195 1977 1298 2034 οὐκ
1335 1979 1524 2043 ἄνισας
1564 1986 1690 2034 Ναί.
1761 1979 1838 2034 Τὰ
1878 1981 1936 2035 δὲ

262 2057 427 2113 ἄνισα
447 2056 517 2114 οὐ
532 2064 610 2133 τῷ
631 2057 802 2132 ἀνίσῳ
823 2058 1014 2126 ἅνισα;
1043 2067 1170 2124 Πῶς
1191 2059 1244 2115 δ’
1269 2060 1364 2127 οὕς
1396 2062 1505 2117 Καὶ
1524 2059 1842 2133 ἀνισότητος
1866 2063 1931 2134 δὴ

196 2156 228 2195 D
261 2144 467 2210 μετέχει
497 2138 556 2195 τὸ
579 2141 664 2210 ἕν,
703 2138 841 2208 πρὸς
858 2138 930 2210 ἢν
946 2135 1102 2196 τᾶλλ’
1122 2141 1272 2215 αὐτῷ
1292 2146 1435 2199 ἐστὶν
1454 2143 1645 2211 ἄνισα;
1683 2149 1931 2215 Μετέχει.

258 2219 416 2276 Ἀλλά
438 2223 624 2291 μέντοι
643 2219 964 2292 ἀνισότητός
981 2221 1037 2293 γ’
1057 2226 1167 2279 ἐστὶ
1185 2225 1420 2295 μέγεθός
1436 2247 1493 2281 τε
1514 2228 1605 2281 καὶ
1625 2227 1931 2298 σμικρότης.

244 2300 396 2355 ’Ἐστι
423 2301 546 2370 γάρ.
586 2300 774 2356 ’Έστιν
803 2301 911 2369 ἄρα
940 2306 1030 2359 καὶ
1056 2306 1292 2376 μέγεθός
1319 2329 1376 2362 τε
1404 2308 1496 2362 καὶ
1526 2308 1822 2378 σμικρότης
1857 2316 1934 2379 τῷ

258 2382 490 2453 τοιούτῳ
529 2383 637 2448 ἑνί;
671 2386 1018 2440 Κινδυνεύει.
1069 2392 1332 2458 Μέγεθος
1360 2388 1471 2460 μὴν
1508 2392 1598 2445 καὶ
1638 2391 1932 2461 σμικρότης

258 2461 341 2518 ἀεὶ
359 2461 670 2532 ἀφέστατον
690 2462 964 2535 ἀλλήλοιν.
1000 2470 1164 2524 Πάνυ
1183 2492 1260 2539 γε.
1295 2469 1522 2536 Μεταξὺ
1544 2471 1653 2538 ἄρα
1671 2494 1722 2526 τι
1740 2471 1932 2527 αὐτοῖν

257 2542 347 2599 ἀεί
361 2547 522 2600 ἐστιν.
562 2545 758 2601 Ἔστιν.
782 2546 956 2618 ’Ἑχεις
977 2544 1081 2606 οὖν
1101 2573 1152 2606 τι
1172 2551 1306 2607 ἄλλο
1329 2557 1499 2608 εἰπεῖν
1517 2552 1716 2624 μεταξὺ
1738 2552 1929 2608 αὐτοῖν

254 2621 291 2696 ἢ
310 2625 554 2700 ίσότητα;
595 2626 714 2682 Οὔκ
729 2671 744 2698 ‚
783 2627 921 2684 ἀλλά
951 2639 1129 2688 τοῦτο.
1169 2632 1309 2707 Ὅτῳ
1331 2631 1438 2702 ἄρα
1457 2639 1568 2689 ἔστι
1587 2637 1820 2704 μέγεθος
1838 2636 1928 2689 καὶ

255 2708 575 2780 σμικρότης,
618 2714 731 2764 ἔστι
759 2711 851 2765 καὶ
879 2712 1062 2783 ἰσότης
1091 2712 1242 2787 αὐτῷ
1255 2758 1268 2784 ,
1307 2713 1508 2786 μεταξὺ
1529 2715 1749 2769 τούτοιν
1769 2709 1923 2770 οὖσα.

191 2799 222 2838 Ε
254 2795 526 2845 Φαίνεται.
588 2796 679 2863 Τῷ
707 2788 772 2861 δὴ
796 2793 875 2847 ἑνὶ
896 2792 969 2864 μὴ
991 2794 1137 2863 ὄντι,
1180 2795 1252 2861 ὡς
1273 2803 1438 2866 ἔοικε,
1481 2799 1569 2851 καὶ
1587 2797 1837 2867 ἰσότητος
1854 2793 1926 2852 ἀν

2022 1519 2028 1553 ..Ᾰ-
2021 1427 2028 1496 ..4-
2024 1359 2028 1381 -.
2026 1335 2028 1338 .
