2028 3198
304 119 410 172 380
977 121 1333 172 ΘΕΑΓΗΣ.-
1740 172 1744 178 ,
1905 99 2028 235 11οέ

309 247 415 308 οὖν
436 251 611 307 αὐτὸν
631 251 918 324 ἠνάγκασα
939 257 1191 326 ἐπισχεῖν.
1230 255 1291 312 τό
1313 262 1525 329 τρίτον,
1556 259 1901 331 βουλόμενός
1919 283 1984 331 με
2022 237 2028 284 ⁴

308 343 532 406 λαθεῖν,
574 334 773 407 άνέστη
805 334 991 392 οὐκέτι
1029 338 1201 393 εἰπών
1238 361 1332 409 μοι
1360 338 1554 410 οὐδέν,
1593 339 1731 397 ἄλλα
1772 342 1985 412 λαθών,

309 417 639 522 ἐπιτηρήσας
678 416 877 474 άλλοσε
912 418 1012 475 τὸν
1048 428 1188 475 νοῦν
1228 425 1450 491 ἔχοντα’·
1496 424 1587 478 καὶ
1625 422 1802 488 οὕτως
1839 422 1989 494 ᾤχετ’
2021 489 2028 511 ¹

311 497 492 554 άπιών
523 501 614 555 καὶ
645 500 968 571 διεπράξατο
1003 504 1055 566 ἐξ
1088 524 1166 556 ων
1197 501 1284 574 ᾔει
1313 501 1789 582 ἀποθανούμενος.
1847 505 1988 562 ὅθεν
2026 543 2028 545 -

313 581 378 651 δὴ
401 579 551 635 τοῦτ’
577 580 692 636 εἷπε
722 580 860 650 πρὸς
887 582 986 637 τὸν
1016 582 1306 654 ἀδελφὸν
1284 584 1420 653 όπερ
1443 593 1551 641 νῦν
1574 585 1706 657 ὑμῖν
1728 587 1862 657 ἐγω,
1903 586 1987 642 ὅτι
2026 635 2028 643 .

310 672 383 719 ἰόι
403 662 868 735 ἀποθανούμενος
888 665 976 721 διὰ
996 665 1055 722 τὸ
1080 669 1196 738 ἐμοὶ
1217 665 1524 740 ἀπιστῆσαι.
1555 673 1633 724 ἔτι
1652 674 1842 724 τοίνυν
1865 671 2028 741 περὶ
2026 720 2028 722 ,

251 757 284 796 D
313 753 424 802 τῶν
445 749 504 802 ἐν
524 752 753 820 Σικελίᾳ
783 755 1007 803 πολλων
1029 747 1415 821 άκούσεσθον,
1457 774 1491 805 α
1521 749 1626 820 ἐγώ
1650 756 1841 822 ἔλεγον
1863 753 1987 821 περὶ
2020 755 2028 830 j

203 2328 283 2373 130

310 837 406 899 τῆς
423 834 738 900 διαφθορᾶς
757 836 858 885 τοῦ
878 836 1265 900 στρατοπέδου.
1324 835 1415 888 καὶ
1451 856 1515 888 τα
1547 833 1647 903 μὲν
1677 840 1988 904 παρεληλυΦ

311 912 456 966 θότα
486 918 598 966 τῶν
631 912 861 967 εἰδότων
892 918 1040 968 ἔστιν
1068 911 1328 969 ἀκοῦσαι·
1365 927 1561 986 πεῖραν
1583 913 1631 969 δ’
1659 918 1829 980 ἔξεστι
1858 916 1984 969 νυνὶ

312 999 502 1065 λαβεῖν
517 999 618 1048 τοῦ
641 999 869 1064 σημείου
883 1038 896 1063 ,
920 1000 968 1050 εἰ
987 994 1094 1064 ἄρα
1114 1019 1163 1051 τι
1182 1002 1340 1068 λέγει.
1399 1000 1483 1052 ἐπὶ
1502 995 1607 1067 γὰρ
1628 1004 1694 1068 τῇ
1713 998 1799 1052 ἐπὶ
1821 1013 1987 1064 στρα-

313 1082 465 1132 τειάν
504 1079 703 1148 ἐξορμῇ
726 1082 1051 1141 Σαννίωνος
1086 1085 1186 1134 τοῦ
1224 1086 1399 1135 καλοῦ
1437 1079 1653 1150 ἐγένετό
1682 1101 1774 1149 μοι
1803 1077 1863 1133 τὸ
1888 1094 1986 1148 ση-

311 1172 494 1231 μεῖον,
534 1166 736 1229 οἴχεται
766 1157 825 1213 δὲ
856 1166 964 1213 νῦν
993 1159 1127 1229 μετὰ
1161 1162 1490 1231 Θρασύλλου
1520 1161 1989 1231 στρατευσόμενος

313 1241 458 1298 εὐθύ
475 1241 704 1312 Ἑφέσου
724 1243 815 1297 καὶ
828 1240 1045 1341 ΗΙωνιας.
1107 1242 1213 1314 εγω
1235 1265 1341 1298 ουν
1362 1251 1544 1348 οἴομαι
1563 1246 1775 1299 ἐκεῖνον
1794 1240 1830 1315 ἢ
1849 1243 1984 1298 άπο-

316 1333 619 1381 θανεῖσθαι
639 1320 675 1395 ἦ
696 1322 837 1394 ὁμοῦ
858 1347 907 1379 τι
923 1325 1100 1380 τούτω
1132 1324 1175 1395 γ’
1200 1329 1346 1400 ἐλᾷν,
1376 1327 1466 1381 καὶ
1487 1331 1614 1397 περί
1627 1347 1689 1396 γε
1709 1332 1803 1396 τῆς
1823 1341 1977 1394 στρα-

312 1414 456 1472 τείας
475 1414 569 1478 τῆς
590 1407 757 1479 άλλης
777 1409 928 1463 πάνυ
951 1414 1250 1481 φοβοῦμαι

454 1497 561 1546 XII.
643 1495 828 1544 Ταῦτα
851 1489 916 1561 δὴ
939 1491 1118 1545 πάντα
1138 1491 1328 1562 εἴρηκά
1350 1509 1452 1560 σοι,
1477 1488 1609 1562 ὅτιὴ
1630 1490 1863 1559 δύναμις
1884 1487 1988 1542 αὕ-

313 1597 376 1645 τη
399 1580 499 1629 τοῦ
530 1578 822 1644 δαιμονίου
851 1574 1053 1628 τούτου
1084 1574 1174 1629 καὶ
1204 1578 1278 1637 εἰς
1296 1571 1391 1638 τὰς
1420 1577 1719 1635 συνουσίας
1747 1577 1860 1625 τῶν
1878 1566 1984 1640 μετ’

315 1660 450 1727 ἐμοῦ
488 1657 995 1727 συνδιατριβόντων
1031 1654 1092 1711 τὸ
1134 1654 1283 1711 ἅπαν
1318 1655 1564 1711 δύναται.
1633 1661 1855 1718 πολλοῖς
1890 1652 1989 1723 μὲν

313 1739 419 1809 γὰρ
437 1741 809 1809 ἐναντιοῦται,
852 1742 942 1794 καὶ
968 1736 1070 1794 οὐκ
1104 1743 1216 1794 ἔστι
1244 1738 1460 1803 τούτοις
1490 1736 1850 1808 ὠφεληθῆναι
1880 1732 1988 1806 μετ’

314 1824 452 1892 ἐμοῦ
473 1826 878 1892 διατρίβουσιν,
913 1819 1051 1875 ὥστε
1073 1818 1174 1891 οὐχ
1195 1817 1315 1877 οἷόν
1333 1824 1395 1877 τέ
1409 1843 1503 1892 μοι
1522 1819 1738 1883 τούτοις
1763 1821 1991 1873 συνδια-

314 1909 547 1974 τρίβειν·
606 1909 828 1966 πολλοῖς
853 1904 910 1957 δὲ
947 1914 1197 1957 συνεῖναι
1236 1905 1337 1973 μὲν
1373 1901 1440 1958 οὐ
1480 1900 1801 1971 διακωλύει,
1843 1899 1990 1970 ὠφε-

316 1991 544 2040 λοῦνται
582 1985 640 2040 δὲ
678 1982 844 2038 οὐδὲν
881 1984 1159 2048 συνόντες.
1216 1981 1296 2047 οἷς
1332 1983 1385 2037 δ’
1415 1981 1487 2037 ἄν
1523 1983 1860 2053 συλλάβηται
1897 1985 1991 2050 τῆς

314 2071 615 2130 συνουσίας
642 2063 674 2137 ἡ
703 2072 806 2120 τοῦ
836 2070 1125 2136 δαιμονίου
1156 2065 1417 2136 δύναμις,
1456 2067 1616 2120 οῦτοί
1642 2068 1781 2118 εἰσιν
1802 2084 1882 2115 ων
1901 2063 1992 2116 καὶ

315 2167 384 2204 συ
416 2148 684 2222 ἤσθησαι·
723 2149 860 2219 ταχῦ
890 2170 996 2218 γαρ
1018 2154 1347 2218 παραχρῆμα
1376 2145 1697 2201 ἐπιδιδόασι.
1752 2146 1841 2198 καὶ
1861 2141 1992 2198 τού-

315 2255 426 2287 των
457 2235 528 2287 αὐ
559 2255 673 2287 των
702 2232 1067 2287 ἐπιδιδόντων
1098 2235 1154 2286 oc
1177 2253 1279 2301 μεν
1308 2230 1399 2285 καὶ
1431 2231 1657 2300 βέβαιον
1688 2231 1870 2298 ἔχουσι
1902 2227 1991 2279 καὶ

317 2315 707 2386 παραμόνιμον
743 2336 846 2385 την
888 2312 1186 2384 ωφέλειαν·
1243 2314 1438 2367 πολλοὶ
1477 2313 1562 2382 δέ,
1603 2310 1739 2366 ὅσον
1775 2332 1845 2363 αν
1882 2305 1990 2378 μετ’

313 2402 450 2469 ἐμοῦ
468 2399 671 2469 χρόνον
690 2392 816 2469 αἷσι,
839 2397 1161 2468 θαυμάσιον
1181 2393 1541 2462 ἐπιδιδόασιν,
1565 2391 1786 2448 ἐπειδὰν
1807 2394 1871 2446 δέ
1885 2411 1992 2461 μου

315 2480 693 2552 ἀπόσχωνται,
733 2481 902 2536 πάλιν
931 2478 1100 2535 οὐδὲν
1131 2481 1492 2548 διαφέρουσιν
1513 2474 1767 2531 ὁτουοῦν.
1825 2471 1991 2529 τοῦτό

315 2587 445 2620 ποτε
470 2569 683 2620 ἔπαθεν
710 2562 1037 2633 Ἀριστείδης
1068 2559 1094 2617 ὁ
1118 2561 1442 2632 Λυσιμάχου
1462 2558 1582 2624 υίὸς
1601 2565 1699 2614 τοῦ
1733 2557 1991 2630 Ἀριστείς

315 2652 430 2704 δον.
493 2652 790 2719 διατρίβων
824 2644 930 2716 γὰρ
968 2644 1077 2716 μετ’
1101 2647 1237 2715 ἐμοῦ
1275 2644 1538 2714 πάμπολυ
1571 2641 1898 2698 ἐπεδεδώκει
1930 2639 1990 2691 ἐν

314 2729 480 2805 ὀλίγῳ
502 2731 685 2803 χρόνῳ
704 2752 713 2761 ·
742 2734 925 2784 ἔπειτα
948 2728 1097 2802 αὐτῷ
1117 2733 1369 2798 στρατεία
1388 2749 1467 2790 τις
1480 2728 1692 2795 ἐγένετο
1714 2725 1801 2778 καὶ
1823 2719 1988 2794 ᾤχετο

314 2815 583 2869 ἐκπλέων·
629 2811 782 2884 ἥκων
817 2811 876 2866 δὲ
915 2809 1291 2881 κατελάμβανε
1330 2806 1439 2880 μετ’
1467 2811 1605 2879 ἐμοῦ
1642 2808 1989 2873 διατρίβοντα
