2028 3198
270 145 336 198 48
860 144 1339 195 ΠΛΑΤΩΝΟΣ

275 276 374 349 χρὴ
397 280 754 333 πεπονθέναι.
800 278 1065 347 Λέγωμεν
1084 276 1206 347 γάρ.
1251 276 1422 334 ’Ἁλλα
1441 278 1552 349 μήν
1573 299 1684 334 που
1705 282 1789 334 δεῖ
1805 278 1941 335 αὐτὰ

272 358 436 414 εἶναι·
471 364 522 414 εἰ
547 356 653 428 γὰρ
685 358 822 429 μηδὲ
850 357 989 414 ἄλλα
1019 360 1193 428 ἐστίν,
1233 358 1337 415 οὐκ
1365 357 1439 415 ἄν
1466 363 1590 431 περὶ
1618 367 1731 415 τῶν
1759 361 1944 417 ἄλλων

268 443 494 509 λέγοιτο.
553 439 762 505 Οὕτως.
818 444 892 496 Εἰ
908 442 966 495 δὲ
984 441 1109 510 περὶ
1135 447 1250 496 τῶν
1279 440 1466 498 ἄλλων
1494 440 1522 497 ὁ
1551 442 1743 512 λόγος,
1783 444 1850 498 τοὶ
1882 465 1943 514 γε

268 521 406 576 ἄλλα
439 522 597 592 ἕτερά
628 524 790 578 ἐστιν.
832 518 869 593 ἢ
898 521 1002 578 οὐκ.
1033 525 1119 579 ε’πὶ
1145 530 1223 597 τῷ
1254 521 1407 598 αὐτῷ
1430 531 1613 589 καλεῖς
1639 525 1703 579 τό
1731 546 1788 580 τε
1808 524 1943 581 ἄλλο

211 613 241 653 C
271 605 361 659 καὶ
380 602 439 659 τὸ
463 605 679 674 ἕτερον;
720 603 948 674 ’Έγωγέ
987 603 1214 672 ’Ἕτερον
1243 607 1306 660 δέ
1330 609 1397 676 γέ
1409 607 1520 662 πού
1542 629 1727 678 φαμεν
1743 606 1803 663 τὸ
1826 608 1943 662 ἕτε-

269 707 370 753 ρον
390 685 530 742 εἶναι
558 688 773 756 ἑτέρου,
810 688 900 741 καὶ
927 683 987 741 τὸ
1009 684 1143 741 ἄλλο
1164 685 1229 756 δὴ
1253 686 1388 743 ἄλλο
1410 687 1549 743 εἶναι
1571 688 1773 755 ἄλλους
1810 696 1938 746 Ναί.

267 769 376 824 Καὶ
394 779 506 832 τοῖς
524 767 710 832 ἄλλοις
732 767 839 835 ἄρα
854 810 867 836 ,
892 774 941 823 εἰ
957 771 1138 838 μέλλει
1158 767 1296 823 ἄλλα
1319 767 1460 825 εἶναι
1472 811 1487 839 ,
1511 774 1624 826 ἔστι
1643 793 1695 826 τι
1714 765 1786 827 οὗ
1804 771 1943 828 ἄλλα

269 854 431 904 ἔσται.
481 847 730 919 Ἀνάγκη.
793 855 862 904 Τί
876 847 940 920 δὴ
966 843 1072 904 οὖν
1091 848 1161 904 ὅίν
1177 857 1286 921 εἴης
1328 857 1428 906 τοῦ
1448 851 1548 922 μὲν
1566 852 1675 923 γὰρ
1696 852 1818 918 ἑνὸς
1840 852 1943 909 οὐκ

270 936 420 987 ἔσται
446 930 613 1001 ἄλλα,
652 931 723 1001 μὴ
755 930 916 996 ὄντος
942 954 1020 1002 γε.
1080 933 1166 987 Οὐ
1194 933 1316 1002 γάρ.
1366 931 1647 1006 Ἀλλήλων
1676 934 1786 1004 ἄρα
1805 938 1942 990 ἐστί·

267 1020 431 1068 τοῦτο
456 1012 563 1083 γὰρ
601 1011 786 1078 αὐτοῖς
821 1017 899 1069 ἔτι
934 1019 1202 1084 λείπεται,
1235 1011 1273 1085 ἦ
1301 1014 1537 1086 μηδενὸς
1570 1017 1709 1072 εἶναι
1740 1017 1941 1082 ἄλλοις.

263 1094 490 1164 Ὀρθῶς.
556 1095 712 1149 Κατὰ
750 1095 937 1166 πλήθη
976 1093 1066 1167 ἄρ’
1110 1099 1309 1152 ἕκαστα
1346 1096 1603 1169 ἀλλήλων
1638 1098 1780 1154 ἄλλα
1815 1102 1942 1154 ἐστί.

2025 358 2028 397 ÷

2026 410 2028 427 ι

2026 451 2028 472 1

2026 479 2028 497 1

2021 1094 2028 1155 ἓ

266 1176 402 1234 καθ’
436 1181 498 1233 ἓν
524 1177 631 1249 γαρ
651 1175 755 1233 οὐκ
786 1173 858 1232 ἂν
880 1174 968 1233 οἶά
989 1200 1045 1233 τε
1064 1186 1173 1249 εἴη,
1210 1177 1283 1249 μὴ
1304 1177 1465 1243 ὄντος
1485 1178 1630 1244 ἑνός·
1669 1178 1788 1236 ἀλλ’
1812 1182 1944 1236 ἕκα-
2020 1202 2024 1206 ’

205 1271 240 1312 D
274 1277 415 1330 στος,
438 1258 512 1324 ὡς
531 1264 726 1330 ἔοικεν,
752 1258 780 1316 ὁ
806 1258 972 1329 ὄγκος
990 1257 1175 1315 αὐτῶν
1194 1260 1422 1330 ἄπειρός
1439 1264 1554 1316 ε’στι
1572 1262 1804 1333 πλήθει,
1835 1259 1943 1318 κᾶν

266 1341 326 1398 τὸ
366 1340 735 1412 σμικρότατον
774 1345 980 1396 δοκοῦν
1017 1341 1155 1397 εἶναι
1183 1342 1326 1414 λάβῃ
1354 1364 1461 1411 τις,
1501 1342 1685 1414 ὥσπερ
1715 1343 1853 1415 ὄναρ
1884 1348 1943 1400 έν

266 1424 427 1498 ὕπνῳ
450 1430 702 1494 φαίνεται
729 1426 988 1496 ἐξαίφνης
1010 1422 1145 1480 ἀνθ’
1178 1425 1300 1489 ἑνὸς
1328 1425 1588 1491 δόξαντος
1606 1426 1746 1482 εἶναι
1765 1426 1940 1483 πολλοὶ

267 1509 357 1563 καὶ
380 1505 501 1562 ἀντὶ
521 1506 889 1577 σμικροτάτου
907 1510 1254 1577 παμμέγεθες
1273 1506 1411 1576 πρὸς
1428 1505 1494 1562 τὰ
1515 1509 1940 1579 κερματιζόμενα

270 1591 323 1654 ἐξ
344 1586 535 1644 αὐτοῦ.
563 1586 880 1657 Ὀρθότατα.
928 1589 1211 1645 Τοιούτων
1233 1587 1342 1661 δὴ
1322 1589 1507 1660 όγκων
1526 1589 1664 1646 α’λλα
1684 1590 1941 1661 ἀλλήλων

266 1667 338 1726 ὄίν
368 1678 448 1741 εἰη
479 1664 676 1740 τᾶλλα,
717 1675 766 1725 εἰ
791 1669 914 1734 ενὸς
932 1668 1005 1741 μὴ
1035 1669 1194 1737 ὄντος
1223 1671 1364 1729 ἄλλα
1384 1675 1546 1729 ἐστίν.
1602 1678 1819 1747 Κομιδῇ
1839 1696 1940 1745 μεν

267 1745 386 1806 οὖν.
431 1749 661 1806 Οὐκοῦν
681 1751 926 1807 πολλοὶ”
894 1774 1052 1821 ογκοι
1072 1758 1308 1826 ἔσονται,
1333 1752 1408 1820 εἷς
1426 1757 1652 1821 ἕκαστος
1672 1757 1941 1827 φαινόμε-

268 1854 388 1903 νος,
428 1854 509 1886 ων
528 1833 586 1887 δὲ
606 1830 703 1900 ου’,
743 1841 894 1903 εἴπερ
915 1837 974 1888 ἓν
993 1833 1065 1905 μὴ
1092 1840 1267 1902 ἔσται;
1308 1837 1515 1902 Οὕτως.
1572 1840 1682 1894 Καὶ
1702 1837 1937 1910 ἀριθμὸς

208 1926 242 1966 Ε
276 1917 333 1969 δὲ
358 1912 497 1969 εἶναι
516 1911 702 1969 αὐτῶν
728 1915 900 1986 δόξει,
939 1925 1089 1985 εἴπερ
1109 1921 1200 1974 καὶ
1221 1922 1282 1974 ἓν
1301 1920 1558 1991 ἕκαστον,
1598 1927 1823 1976 πολλῶν
1841 1920 1939 1976 ὄν-

267 2017 394 2051 των.
434 1995 598 2050 Πάνυ
615 2018 694 2066 γε.
728 1999 839 2052 Καὶ
857 2020 923 2053 τα
941 2021 1042 2069 μεν
1063 1999 1173 2071 δὴ’
1149 2001 1327 2073 οἱρτια,
1348 2002 1414 2057 τὰ
1437 2002 1494 2058 δε
1513 2023 1736 2071 περιττα
1755 2005 1816 2057 ἐν
1836 2000 1931 2056 αὐἸ

267 2089 378 2141 τοις
398 2075 532 2132 ὄντα
551 2076 654 2133 οὐκ
674 2077 898 2178 ἀληθῶς
917 2087 1195 2154 φαίνεται,
1234 2092 1386 2151 εἴπερ
1418 2086 1479 2139 ἓν
1507 2084 1579 2155 μὴ
1612 2088 1774 2139 ἔσται.
1853 2085 1935 2139 Οὐ

267 2158 374 2230 γὰρ
396 2153 514 2216 οὖν.
578 2162 686 2217 Καὶ
705 2161 817 2232 μὴν
835 2163 923 2217 και
947 2166 1314 2235 σμικρότατόν
1331 2188 1421 2236 γε,
1462 2188 1670 2271 φαμεν,
1713 2167 1936 2232 δόξειέν

268 2242 453 2306 αὐτοῖς
473 2245 701 2298 ε’νειναι·
735 2249 987 2315 φαίνεται
1008 2247 1067 2302 δε
1085 2255 1248 2303 τοῦτο
1269 2247 1444 2303 πολλα
1463 2250 1554 2303 καὶ
1572 2249 1781 2319 μεγαλα
1801 2248 1940 2318 πρὸς

157 2338 238 2382 165
267 2326 499 2379 ἕκαστον
535 2332 648 2380 τῶν
683 2333 905 2382 πολλῶν
942 2326 1013 2393 ὡς
1048 2337 1298 2400 σμικρῶν
1331 2328 1526 2386 ὄντων.
1579 2337 1709 2395 Πῶς
1746 2328 1795 2384 δ’
1839 2329 1910 2385 οὔ
1923 2355 1937 2397 ;

267 2408 376 2462 Καὶ
403 2415 518 2470 ἴσος
537 2406 648 2478 μὴν
666 2420 778 2472 τοῖς
796 2417 1020 2475 πολλοῖς
1038 2414 1129 2467 καὶ
1147 2423 1393 2484 σμικροῖς
1413 2413 1638 2476 ἕκαστος
1657 2411 1821 2482 ὄγκος
1841 2416 1938 2468 δο-

268 2488 600 2560 ξασθήσεται
627 2488 779 2545 εἶναι.
819 2491 887 2546 οὐ
917 2491 1024 2563 γὰρ
1054 2489 1126 2548 ὄὶν
1154 2496 1471 2566 μετέβαινεν
1498 2497 1558 2550 ἐκ
1595 2499 1838 2565 μείζονος
1863 2499 1939 2557 εἰς

270 2574 493 2626 ἔλαττον
523 2571 885 2643 φαινόμενος,
924 2580 1055 2645 πρὶν
1093 2581 1167 2640 εἰς
1195 2574 1255 2631 τὸ
1288 2575 1488 2647 μεταξὺ
1523 2578 1704 2642 δόξειν
1723 2580 1932 2632 ἐλθεῖν·

266 2659 430 2708 τοῦτο
452 2651 506 2708 δ’
539 2661 620 2724 εἴη
642 2649 709 2708 ἂν
732 2654 1025 2727 φάντασμα
1046 2657 1304 2728 ἰσότητος.
1361 2659 1540 2722 Είκός.
1598 2656 1934 2719 Οὐκοῦνκαὶ

267 2732 403 2801 πρὸς
421 2733 592 2791 ἄλλον
610 2735 782 2805 ὄγκον
800 2739 965 2803 πέρας
984 2742 1151 2810 ἔχων,
1193 2738 1358 2804 αὐτός
1374 2762 1436 2809 γε
1459 2738 1596 2809 πρὸς
1615 2737 1787 2794 αὑτὸν
1806 2737 1934 2794 οὔτε

266 2811 441 2886 ἀρχὴν
461 2815 588 2872 οὔτε
609 2820 775 2886 πέρας
795 2816 924 2874 οὔτε
943 2822 1111 2887 μέσον
1138 2826 1301 2890 ἔχωνς
1338 2826 1428 2891 Πῇ
1458 2820 1552 2889 δή;
1575 2818 1691 2874 Ὅτι
1721 2818 1803 2875 ἀεὶ
1831 2819 1934 2875 αὐ-
2010 2879 2012 2881 .

2018 1409 2028 1594 .-m—1
