2028 3198
4 135 127 204 ἐστ

387 123 930 198 ΑΛΚΙΒῙΑΔΗΣ
958 119 1412 196 ΔΕΥΤΕΡΟΣ.
1653 140 1760 194 337

212 289 331 339 ΑΛ.
493 287 519 335 ’.

209 369 335 421 ΣΩ.
390 288 682 432 gaman&
697 364 759 417 τέ
768 383 831 432 γε
851 359 1025 417 αὐτὸν
1044 361 1298 433 φήσομεν
1317 362 1408 418 καὶ
1428 358 1762 437 ἀποχρῶντος

69 446 390 518 ξύμβουλον
421 445 512 500 καὶ
542 449 611 516 τῇ
629 442 788 499 πόλει
814 443 906 498 καὶ
935 441 1111 498 αὐτὸν
1129 439 1308 514 αὐτῷ·
1345 440 1448 498 τὸν
1470 442 1528 498 δὲ
1549 441 1622 514 μὴ
1645 462 1764 496 τοι-

28 571 35 576 -
69 533 240 583 οῦτον
258 523 525 582 τᾶναντία
542 524 773 580 τούτων.
800 519 838 595 ἦ
858 530 974 588 πῶς
994 527 1148 579 δοκεῖ
1154 546 1167 587 ;

209 612 328 663 ΑΛ.
371 605 520 678 Ἐμοὶ
540 606 642 677 μὲν
661 604 853 670 οὕτως.

212 695 298 745 lx.
372 695 496 745 ΣΩ.
556 694 624 744 Τί
650 685 701 743 δ’
737 696 791 744 εἴ
813 710 892 752 τις
921 686 1176 743 ἱππεύειν
1197 682 1232 758 ἦ
1250 686 1496 751 τοξεύειν
1516 683 1692 756 οἶδεν,
1723 681 1762 756 ἦ

70 764 145 825 αὖ
179 771 479 827 πυκτεύειν
510 766 543 842 ἦ
573 774 827 826 παλαίειν
854 768 892 840 ἥ
929 791 979 824 τι
1015 775 1112 839 τῆς
1141 767 1310 839 ἄλλης
1339 766 1579 837 α’γωνίας
1605 763 1642 838 ἦ
1671 769 1763 823 καὶ

67 851 206 908 ἄλλο
235 875 287 908 τι
308 858 424 908 τῶν
442 851 713 908 τοιούτων
732 850 837 907 ὅσα
866 855 1025 923 τέχνῃ
1046 854 1274 920 οἴδαμεν
1288 892 1301 919 ,
1340 855 1395 904 τί
1412 858 1593 914 καλεῖς
1616 846 1673 914 ὃς
1692 844 1764 903 ἄν
1794 860 1829 901 D

67 936 187 1006 εἰδῇ
206 935 269 989 τὸ
297 932 436 990 κατὰ
466 934 677 1004 ταύτην
706 930 809 1003 τὴν
839 934 1036 1002 τέχνην
1054 932 1271 1002 βέλτιον
1289 930 1652 1001 γιγνόμενον;
1693 927 1759 984 οὗ

25 1051 32 1058 =
67 1011 167 1070 τὸν
186 1013 324 1070 κατὰ
344 1013 447 1085 τήν
468 1014 700 1085 ἱππικὴν
720 1013 980 1079 ίππικόν;

208 1102 326 1152 ΑΛ.
362 1096 587 1167 Ἔγωγε.

209 1183 334 1234 ΣΩ.
396 1177 509 1234 Τὸν
529 1179 595 1232 δέ
610 1198 688 1247 γε,
711 1174 877 1246 οἶμαι,
898 1174 1036 1231 κατὰ
1055 1174 1158 1246 τὴν
1178 1172 1451 1245 πυκτικὴν
1469 1174 1757 1244 πυκτικόν,

0 1305 2 1317 .
68 1258 170 1315 τὸν
196 1259 255 1315 δὲ
285 1257 408 1315 κατ’
441 1258 744 1329 αὐλητικὴν
774 1255 1102 1329 αὐλητικόν,
1136 1258 1224 1312 καὶ
1243 1250 1417 1312 τᾶλλα
1447 1256 1630 1328 δήπου
1650 1254 1758 1312 ἀνα

70 1342 244 1411 λόγον
260 1342 475 1405 τούτοις
489 1363 500 1373 ·
522 1337 556 1411 ἦ
578 1340 758 1405 ἄλλως
776 1360 917 1407 πως;

210 1430 328 1480 ΑΛ.
388 1422 537 1492 Οὔκ,
561 1421 679 1478 ἀλλ’
707 1421 898 1487 οὕτως.

211 1511 335 1563 ΣΩ.
396 1514 573 1561 Δοκεῖ
598 1499 705 1560 οὖν
738 1521 825 1560 σοι
856 1503 1160 1573 ἀναγκαῖον
1193 1502 1332 1558 εἶναι
1359 1501 1461 1558 τὸν
1482 1505 1605 1572 περὶ
1624 1502 1759 1558 τού-

0 1616 2 1625 ’
70 1610 182 1645 των
212 1588 547 1659 ἐπιστήμονα
576 1586 712 1641 ὄντα
743 1585 850 1653 ἄρα
882 1589 970 1641 καὶ
997 1585 1177 1654 ἄνδρα
1209 1586 1489 1656 φρόνιμον
1519 1585 1683 1656 εἶναι,
1720 1580 1758 1656 ἦ

69 1675 281 1726 πολλοῦ
299 1670 552 1741 φήσομεν
572 1670 781 1734 &vd-§tm
1793 1683 1821 1722 F.

215 1757 335 1808 AA.
390 1757 614 1807 Πολλοῦ
633 1753 820 1820 μέντοι
840 1747 908 1820 νὴ
930 1755 1056 1806 Δία.

213 1839 337 1890 Σῼ.
394 1838 573 1888 Ποίαν
587 1827 693 1888 οὖν
706 1841 808 1889 οῐει
825 1839 1106 1888 πολιτείαν
1125 1831 1265 1887 εἶναι
1284 1835 1525 1896 τοξοτῶν
1542 1853 1599 1887 τε
1619 1829 1758 1901 ἄγα-

69 1921 198 1971 θῶν
215 1917 305 1970 καὶ
326 1913 613 1986 αὐλητῶν,
652 1918 731 1970 ἔτι
761 1915 820 1971 δὲ
844 1911 1109 1985 ἀθλητῶν
1127 1915 1217 1968 καὶ
1236 1919 1351 1968 τοῖν
1370 1911 1558 1969 ἄλλων
1577 1934 1758 1985 τεχνι-

69 2003 211 2068 τῶν,
248 1994 710 2068 ἀναμεμιγμένων
741 1995 790 2052 δ’
828 1999 889 2052 ἐν
917 1996 1188 2060 τοιούτοις
1216 1991 1297 2059 οἷς
1317 1994 1441 2063 ἄρτι
1460 1995 1757 2066 εἰρήκαμεν

69 2085 185 2135 τῶν
202 2100 259 2134 τε
283 2077 419 2135 αὐτὸ
450 2077 510 2134 τὸ
532 2087 793 2151 πολεμεῖν
813 2079 1045 2135 εἰδότων
1064 2080 1155 2133 καὶ
1175 2074 1310 2132 αὐτὸ
1333 2074 1394 2133 τὸ
1417 2074 1755 2133 ἀποκτιννύ-

69 2181 162 2216 ναι
175 2201 191 2230 ,
232 2158 372 2228 πρὸς
402 2160 461 2215 δὲ
491 2162 583 2215 καὶ
615 2159 841 2229 ἀνδρῶν
870 2162 1182 2230 ῥητορικῶν
1211 2155 1497 2215 πολιτικὸν
1529 2157 1759 2231 φύσημα

72 2240 404 2312 φυσώντων,
424 2238 690 2297 ἁπάντων
710 2241 767 2298 δὲ
791 2240 1007 2297 τούτων
1026 2240 1208 2296 ὄντων
1228 2240 1368 2297 ἄνευ
1395 2247 1491 2313 τῆς
1507 2249 1608 2298 τοῦ
1626 2247 1757 2313 βελ-

70 2329 259 2380 τίστου
277 2322 571 2394 ἐπιστήμης
590 2324 681 2380 καὶ
699 2330 801 2379 τοῦ
821 2324 1027 2388 εἰδότος
1040 2366 1055 2393 ,
1095 2320 1259 2378 ὁπότε
1290 2325 1510 2395 βέλτιον
1529 2325 1609 2380 ἑνὶ
1629 2322 1757 2381 ἑκά-

69 2422 179 2479 στφ
199 2403 414 2460 τούτων
433 2411 673 2475 χρῆσθαι
695 2407 785 2462 καὶ
809 2402 944 2473 πρὸς
962 2411 1111 2471 τίνας
1790 2423 1876 2470 146

210 2493 327 2542 AA.
387 2486 618 2558 Φαύλην
636 2485 759 2542 τινὰ
782 2492 978 2557 ἔγωγε,
1001 2480 1045 2542 ὦ
1063 2486 1372 2557 Σώκρατες.

210 2573 333 2627 ΣΩ.
391 2572 564 2638 Φαίης
583 2590 644 2640 γε
664 2567 753 2637 ἄν,
777 2566 951 2640 οἶμαι,
973 2566 1185 2625 ὁπόταν
1205 2566 1385 2645 ὁρῴης
1403 2571 1502 2627 ἕνα
1522 2571 1758 2628 ἕκαστον

32 2691 36 2699 -
70 2650 258 2709 αὐτῶν
287 2651 759 2722 φιλοτιμούμενόν
787 2672 843 2706 τε
874 2651 964 2707 καὶ
996 2653 1233 2723 νέμοντα
1264 2650 1324 2708 τὸ
1365 2658 1622 2708 πλεῖστον
1661 2658 1756 2724 τῆς

0 2759 2 2776 ·
70 2739 340 2798 πολιτείας
357 2734 535 2806 τούτῳ
556 2734 748 2803 μέρος,

216 2893 246 2937 Ρ
321 2812 591 2938 ἶν’ῃαύτὸς
612 2813 789 2871 αὐτοῦ
813 2815 1053 2887 τυγχάνῃ
1075 2817 1363 2887 κράτιστος
1385 2813 1489 2872 ὤν·

251 2906 364 2939 nmo
441 2927 452 2938 .
1163 2898 1169 2904 '
1446 2899 1502 2943 2⁴2
