2028 3198
448 271 688 342 ΑΛΚ
687 277 806 342 [Β
817 280 861 343 I
861 272 1160 346 ΑΛΗΣ
1207 276 1354 352 ΔΕ
1369 285 1772 359 ΥΤΕΡΟΣ

568 378 636 463 [ἢ
675 389 802 463 περὶ
847 390 1206 468 προσευχῆς,
1252 397 1630 479 μαιευτικός]

584 570 671 615 ΤΑ
713 570 852 618 ΤΟΥ
885 573 1260 623 ΔΙΑΛΟΓΟΥ
1293 578 1634 629 ΠΡΟΣΩΠΑ

520 663 831 721 ΣΩΚΡΑ
852 669 1063 740 ΤΗΣ,
1102 674 1688 736 ΑΛΚΙΒΙΑΔΗΣ.

145 777 263 822 Suu.
948 813 1018 818 -ff

147 899 231 945 138
400 898 436 945 1.
498 872 588 951 ³52
624 892 962 968 Ἀλκιβιάδη,
995 892 1104 968 ἆρά
1122 923 1182 970 γε
1204 900 1341 970 πρὸς
1359 902 1459 958 τὸν
1478 903 1618 959 θεὸν
1639 905 1944 974 προσευξό-

260 995 424 1046 μενος
444 977 698 1046 πορεύει;

401 1066 519 1115 AA.
581 1061 745 1116 Πάνυ
765 1062 865 1132 μὲν
887 1057 1017 1134 οὖν,
1044 1058 1088 1119 ὦ
1110 1065 1420 1135 Σώκρατες.

401 1147 525 1198 ΣΩ.
578 1148 772 1199 Φαίνει
802 1149 865 1215 γε’
893 1167 977 1200 τοι
1009 1148 1505 1218 ἐσκυθρωπακέναι
1535 1173 1590 1205 τε
1623 1153 1713 1206 καὶ
1745 1157 1817 1215 εἰς
1836 1156 1943 1219 γῆν

259 1227 509 1295 βλέπειν,
534 1224 606 1290 ὤς
627 1249 677 1281 τι
698 1229 1118 1298 ξυννοούμενος.

400 1315 517 1363 AA.
574 1311 683 1365 Καὶ
703 1315 758 1365 τί
772 1308 843 1364 άν
863 1333 941 1375 τις
958 1314 1269 1384 ξυννοοῑτο,
1296 1317 1334 1368 ω
1358 1314 1675 1385 Σώκρατες·
1664 1357 1677 1381 ,

401 1398 524 1447 ΣΩ.
586 1391 701 1463 Τὴν
723 1400 1009 1498 μεγίστην,
1050 1398 1090 1450 05
1110 1394 1445 1467 Ἀλκιβιάδη,
1473 1398 1764 1493 ξύννοιαν,
1794 1395 1866 1460 ωἰς
1885 1418 1918 1464 γ

195 1491 230 1530 Β
263 1476 379 1545 ἐμοὶ
400 1480 562 1531 δοκεῖ.
599 1479 714 1533 ἐπεὶ
736 1481 868 1549 φέρε
888 1477 1026 1547 πρὸς
1044 1478 1206 1549 Διός,
1250 1478 1353 1534 οὐκ
1384 1487 1485 1534 οἰέι
1514 1479 1642 1543 τοὺς
1671 1479 1941 1544 θεούς,οι

256 1557 602 1629 τυγχάνομεν
629 1558 918 1631 εὐχόμενοι
946 1563 1036 1617 καὶ
1068 1565 1176 1635 ἰδίᾳ
1196 1566 1285 1617 καὶ
1316 1566 1578 1634 δημοσιᾳ,
1616 1563 1787 1616 ἐνίοτε
1809 1561 1940 1615 τού-

254 1662 368 1695 των
397 1641 461 1696 τὰ
491 1641 594 1712 μὲν
625 1643 865 1714 διδόναι,
905 1643 969 1699 τά
1005 1642 1054 1698 δ’
1083 1642 1180 1711 οὔ,
1219 1645 1308 1698 καὶ
1337 1648 1485 1698 ἔστιν
1515 1641 1595 1708 οἷς
1614 1641 1714 1713 μὲν
1735 1642 1936 1709 αὐτῶν,

250 1726 366 1778 ἔστι
387 1724 444 1780 δὲ
464 1721 543 1788 οἷς
563 1723 660 1791 οὕς

399 1811 517 1861 ΑΛ.
571 1807 739 1861 Πάνυ
759 1809 859 1878 μὲν
881 1802 1000 1863 οὖν.

399 1893 522 1942 ΣΩ.
581 1886 808 1943 Οὐκοῦν
826 1894 981 1945 δοκεῖ
994 1909 1081 1945 σοι
1101 1898 1306 1961 πολλῆς
1326 1896 1666 1962 προμηθείας
1685 1912 1745 1959 γε
1766 1907 1939 1958 προσ-

258 1972 496 2038 δεῖσθαι,
517 1967 666 2034 ὅπως
685 1968 756 2040 μὴ
779 1971 932 2041 λήσει
948 1993 1026 2034 τις
1046 1971 1218 2028 αὑτὸν
1238 1973 1531 2044 εὐχόμενος
1547 1974 1756 2043 μεγάλα
1776 1973 1935 2037 κακά,

259 2054 440 2107 δοκι-ὅν
479 2050 529 2107 δ’
568 2050 783 2122 ἀγαθά,
823 2056 880 2107 οἱ
905 2053 963 2110 δὲ
994 2056 1117 2109 θεοὶ
1146 2054 1383 2123 τύχωσιν
1413 2057 1471 2109 ἐν
1501 2054 1671 2126 ταύτῃ
1693 2052 1847 2117 ὄντες
1870 2061 1936 2124 τῇ

257 2134 376 2204 ἔξει,
400 2137 460 2189 ἐν
479 2128 517 2207 ᾗ
535 2135 786 2190 διδόασιν
806 2133 962 2191 αὐτοὶ
983 2135 1017 2190 ἅ
1037 2159 1116 2201 τις
1137 2135 1427 2207 εὐχόμενος
1447 2138 1728 2206 τυγχάνεις
1753 2135 1934 2203 ὥσπερ

196 2221 227 2262 G
254 2214 352 2271 τὸν
375 2219 650 2272 Οἰδίπουν
677 2214 872 2272 αὐτίκα
892 2221 1063 2287 φασὶν
1083 2218 1350 2286 εὔξασθαι
1368 2225 1549 2293 χαλκῷ
1574 2222 1852 2274 διελέσθαι
1872 2218 1935 2273 τὰ

254 2305 480 2372 πατρῷα
499 2320 629 2363 τους
646 2301 803 2364 υἱεῖς·
828 2300 950 2364 ἐξὸν
970 2298 1120 2375 αὐτῷ
1140 2310 1250 2358 τῶν
1269 2303 1559 2372 παρόντων
1579 2299 1726 2375 αὐτῷ
1748 2306 1935 2356 κακῶν

257 2381 581 2452 ἀποτροπήν
617 2405 740 2437 τινα
783 2380 1077 2454 εὔξασθαι,
1118 2385 1272 2455 ἔτερα
1311 2382 1448 2454 πρὸς
1478 2396 1590 2448 τοῖς
1627 2381 1936 2452 ὑπάρχουσι

256 2470 557 2535 κατηρᾶτο·
598 2472 899 2537 τοιγαροῦν
931 2474 1103 2522 ταῦτα
1132 2469 1476 2538 ἐξετελέσθη,
1517 2467 1606 2521 καὶ
1635 2468 1692 2519 ἐκ
1722 2463 1933 2519 τούτων

256 2547 395 2602 ἄλλα
416 2545 591 2602 πολλὰ
613 2549 701 2602 καὶ
725 2547 903 2617 δεινά,
927 2545 962 2602 ὁὶ
980 2572 1028 2604 τι
1022 2554 1137 2605 ’δεῖ
1150 2547 1283 2604 καθ’
1307 2550 1505 2603 ἕκαστος
1528 2549 1619 2616 λεγ
1625 2569 1729 2601 ειι·
1718 2587 1730 2611 ,

398 2635 515 2685 ΑΛ.
568 2627 731 2684 Ἀλλα
761 2628 831 2684 σύ
861 2632 989 2700 μέν,
1031 2654 1072 2686 ω
1104 2632 1426 2700 Σωκρατες,
1465 2630 1801 2700 μαινόμενον
1832 2626 1935 2680 ἄν·

255 2721 490 2780 θρωπον
511 2720 757 2783 εἴρηκας
787 2714 900 2766 ἐπεὶ
921 2734 998 2776 τις
1020 2712 1090 2767 άν
1110 2730 1197 2768 σοι
1218 2716 1370 2767 δοκεῖ
1383 2718 1648 2782 τολμῆσαι
1667 2708 1931 2780 ὑγιαινων

253 2794 460 2850 τοιαῦτ’
490 2795 782 2861 εὕξασθαι;
