2028 3198
292 111 358 163 18
896 106 1373 155 ΠΛΑΤΩΝΟΣ

291 243 500 316 ὅμοιον.
550 242 773 315 Ὀρθῶς.
831 238 906 295 T&
930 243 991 294 δέ
1006 259 1066 308 γε
1084 238 1171 307 ἕν,
1195 235 1267 301 ὥς
1286 241 1481 309 ἔοικεν,
1505 237 1761 308 οὐδαμῶς
1780 241 1968 308 ἕτερον

290 325 575 390 πεπονθὸς
592 322 846 394 οὐδαμῶς
863 320 1134 392 ἀνόμοιόν
1146 321 1295 375 ἐστιν
1309 317 1435 376 οὔθ’
1452 321 1629 394 ἑαυτῷ
1645 318 1769 376 οὔθ’
1787 324 1966 394 ἑτέρῳ.

293 408 378 465 Οὐ
405 406 513 479 γὰρ
545 410 662 462 οὐν.
738 402 925 460 Οὔτε’
902 403 1011 472 ἄρα
1031 401 1226 474 όμοιον
1255 399 1383 458 οὕτε
1413 401 1680 474 ἀνόμοιον
1699 402 1833 459 οὔθ’
1855 405 1970 459 ἑτέ-

292 513 369 564 ρῳ
392 489 518 545 οὔτε
539 489 716 562 ἑαυτῷ
735 482 806 542 ἂν
826 493 907 558 εἴη
927 483 988 540 τὸ
1010 485 1086 539 §.v
1125 482 1210 540 Οὐ
1231 491 1497 555 φαίνεται.
1524 487 1632 541 Καὶ
1650 484 1762 556 μὴν
1782 491 1970 541 τοιοῦ·
2025 510 2028 515 ·

291 571 390 627 τόν
409 590 470 639 γε
499 565 567 623 ὂν
597 566 723 623 οὔτε
744 574 867 622 ἴσον
898 563 1025 619 οὔτε
1056 563 1254 622 ἄνισον
1290 571 1437 622 ἔσται
1471 564 1597 622 ου’τε
1628 568 1803 640 ἑαυτῷ
1837 564 1965 622 ου’τε

291 653 455 727 α’λλςο.
495 658 626 750 Πῇζ
630 650 784 706 Ἴσον
814 647 917 719 μεν
946 643 1015 702 ὂν
1033 670 1145 703 των
1165 670 1352 703 αυτων
1371 650 1584 718 μέτρων
1605 653 1752 704 ἔσται
1773 651 1962 721 ἐκείνῳ
2027 709 2028 713 Ἰ

292 729 337 810 ᾦ
357 731 427 790 ἂν
447 742 571 790 ἴσον
590 735 638 805 ᾐ.
680 736 808 787 Ναί.
846 734 1056 796 Μεῖζον
1077 733 1140 785 δέ
1154 751 1265 787 που
1283 727 1318 802 ἢ
1339 730 1616 786 ἐ’λαττον”
1585 754 1669 798 ον,
1688 727 1768 795 οἷς
1783 753 1884 801 μεν
1899 729 1970 786 α“ν

233 836 264 876 C
296 817 606 889 ξύμμετρον
622 808 659 888 ᾗ
673 857 686 881 ,
724 834 839 869 των
857 812 960 883 μὲν
977 813 1286 868 ἐλαττόνων
1305 820 1472 869 πλείω
1492 817 1658 884 μέτρα
1686 814 1790 878 ἕξει
1802 855 1817 882 ,
1855 835 1968 868 των

293 900 352 956 δὲ
372 899 636 971 μειζόνων
654 897 871 952 ἐλάττω.
919 900 1047 950 Ναί.
1100 893 1196 961 Οἷς
1215 894 1267 951 δ’
1290 892 1360 951 ἂν
1381 894 1453 967 μὴ
1479 896 1820 967 σύμμετρον,
1858 917 1970 951 των

292 985 392 1054 μὲν
422 980 825 1051 σμικροτέρων,
864 999 977 1032 των
1010 977 1068 1033 δὲ
1095 979 1362 1049 μειζόνων
1392 981 1608 1050 μέτρων
1628 982 1790 1034 ε’σται.
1843 985 1968 1043 Πως

292 1063 400 1136 γὰρ
421 1061 513 1129 οὕς
554 1059 781 1118 Οὐκοῦν
817 1057 1098 1116 ἀδύνατον
1133 1059 1193 1117 τό
1234 1060 1306 1132 μὴ
1346 1063 1574 1132 μετέχον
1605 1068 1706 1115 τοῦ
1730 1059 1906 1115 αὐτοῦ
1934 1056 1969 1130 ἦ

292 1148 508 1218 μέτρων
535 1149 648 1199 τῶν
681 1143 868 1198 αὐτῶν
898 1141 1037 1197 εἶναι
1065 1140 1102 1214 ἢ
1131 1142 1316 1199 ἄλλων
1348 1143 1703 1200 ὡντινωνοῦν
1733 1150 1847 1199 τῶν
1867 1141 1970 1198 αὕ-

291 1236 432 1294 τῶνς
463 1225 779 1282 Ἀδύνατον.
812 1224 968 1280 Ἴσον
988 1226 1090 1295 μὲν
1110 1225 1218 1295 ἄρα
1240 1225 1359 1283 οὔτ’
1384 1224 1454 1283 ἂν
1474 1229 1650 1300 ἑαυτῷ
1670 1226 1797 1282 οὔτε
1822 1226 1967 1301 ἄλλῳ

294 1318 395 1382 εἴη,
433 1307 506 1380 μὴ
546 1330 657 1364 των
697 1305 882 1363 αὐτων
920 1310 1134 1410 μέτρων
1181 1309 1261 1364 ὅν.
1342 1309 1570 1366 Οὔκουν
1605 1315 1862 1380 φαίνεταί
1887 1331 1967 1379 γε.

288 1391 448 1449 Ἀλλὰ
470 1390 581 1463 μὴν
597 1391 869 1447 πλειόνων
886 1412 947 1460 γε
969 1393 1183 1461 μέτρων
1202 1388 1322 1463 ὂνῆ
1349 1394 1683 1463 ἐλαττόνων,
1715 1392 1968 1461 ὅσωνπερ

228 1493 260 1531 Ι)
292 1478 523 1547 μέτρων,
544 1473 827 1529 τοσούτων
846 1475 935 1528 καὶ
954 1494 1141 1545 μερων
1161 1469 1233 1527 ἀν
1255 1481 1363 1545 εἴη
1385 1475 1475 1530 καὶ
1495 1473 1673 1540 οὕτως
1693 1478 1764 1529 αὐ
1786 1473 1967 1530 οὐκέτι

294 1561 356 1613 ἓν
393 1561 566 1625 ἔσται,
605 1553 742 1611 αλλὰ
774 1561 1014 1611 τοσαῦτα
1045 1554 1252 1625 όσαπερ
1284 1559 1373 1610 καὶ
1402 1578 1468 1610 τα
1490 1560 1671 1627 μέτρα.
1739 1555 1966 1625 Ὀρθως.

292 1644 365 1695 Εἰ
400 1641 462 1694 δέ
495 1660 558 1709 γε
577 1636 699 1703 ἑνὸς
735 1641 938 1709 μέτρου
975 1645 1085 1708 εἴη,
1130 1646 1252 1694 ἴσον
1286 1635 1358 1693 ἂν
1385 1644 1626 1710 γίγνοιτο
1654 1647 1731 1714 τῷ
1759 1642 1965 1713 μέτρῳ·

294 1729 458 1779 τοῦτο
481 1721 539 1777 δὲ
558 1720 837 1777 ἀδύνατον
866 1721 1071 1792 ἐφάνη,
1112 1730 1235 1777 ἴσον
1264 1743 1339 1796 τῳ
1372 1719 1505 1778 αὐτὸ
1539 1722 1693 1779 εἶναι.
1764 1721 1967 1794 Ἐφοὶνη

294 1805 415 1878 γάρ.
477 1802 619 1859 Οὔτε
659 1801 766 1872 ἄρα
805 1801 927 1868 ἑνὸς
956 1806 1159 1874 μέτρου
1197 1805 1421 1873 μετέχον
1447 1803 1571 1859 οὔτε
1603 1811 1826 1861 πολλῶν
1844 1805 1971 1862 οὔτε

295 1886 524 1958 ὀλίγων,
547 1884 672 1941 οὔτε
692 1885 752 1941 τὸ
775 1887 1038 1956 παράπαν
1058 1892 1161 1941 τοῦ
1180 1883 1356 1940 αὐτοῦ
1372 1889 1626 1957 μετέχον,
1649 1886 1774 1943 οὔτε
1794 1890 1969 1961 ἑαυτῷ

297 1972 440 2037 ποτέ,
479 1966 551 2034 ὥς
574 1974 792 2038 ἐὀικεν,
831 1973 980 2025 ε”σται
1011 1977 1133 2024 ἴσον
1166 1966 1293 2024 οὔτε
1323 1968 1495 2042 ἄλλω·
1538 1969 1663 2025 οὐδ’
1694 1965 1767 2025 αὖ
1789 1975 1971 2041 μεῖζον

299 2051 430 2109 οὐδὲ
462 2057 685 2108 ἔλαττον
716 2050 841 2107 οὔτε
875 2053 1078 2106 ἑαυτοῦ
1105 2049 1238 2106 οὔθ’
1263 2051 1465 2122 ἑτέρου.
1521 2050 1851 2114 Παντάπασι
1870 2052 1968 2123 μὲν

300 2129 403 2191 οὖν
430 2134 618 2199 οὕτως.

230 2237 265 2275 Ε
433 2224 541 2273 XII.
622 2224 689 2273 Τί
710 2219 794 2282 62¹3
835 2216 1212 2288 πρεσβύτερον
1241 2213 1275 2286 η’
1296 2236 1567 2286 νεωτερον
1595 2211 1632 2285 ἦ
1664 2212 1765 2285 τὴν
1797 2213 1971 2284 αὐτὴν

295 2298 514 2372 ἡλικίαν
534 2305 676 2370 ἔχειν
695 2298 755 2355 τὸ
779 2302 842 2355 ἓν
861 2303 1014 2355 δοκεῖ
1027 2320 1102 2372 τω
1125 2295 1365 2353 δυνατὸν
1388 2297 1551 2361 εἷναι;
1577 2303 1645 2352 Τι’
1659 2295 1725 2367 δὴ
1743 2318 1849 2367 γαρ
1873 2293 1968 2351 οὔ·
1958 2339 1969 2360 ,

285 2381 402 2438 Ὅτι
431 2402 541 2437 που
571 2379 789 2453 ἡλικίαν
816 2404 916 2452 μεν
944 2380 1046 2453 τὴν
1064 2379 1240 2451 αὐτὴν
1260 2385 1386 2450 ἔχον
1403 2376 1440 2450 ἢ
1460 2376 1608 2433 αὑτω
1629 2374 1664 2449 ἦ
1684 2377 1830 2433 ἄλλω
1852 2378 1970 2434 ἰσό-

300 2485 457 2535 τητος
475 2464 683 2534 χρόνου
700 2466 789 2519 καὶ
803 2462 1120 2536 ὁμοιότητος
1136 2464 1370 2534 μεθέξει,
1389 2455 1467 2516 οἷν
1489 2463 1746 2531 ἐλέγομεν
1758 2459 1825 2515 οὐ
1841 2482 1965 2531 μετ-

303 2557 442 2603 εἴναι
460 2552 534 2646 τῗςό
556 2547 663 2616 ἑνί,
693 2544 830 2600 οὔθ’
863 2544 1185 2617 ὁμοιότητος
1206 2543 1332 2600 οὔτε
1354 2544 1613 2615 ἰσότητος.
1686 2541 1968 2614 Ἐλέγομεν

300 2627 405 2699 γὰρ
437 2631 555 2683 οὐν.
625 2629 733 2683 Καὶ
762 2627 872 2699 μὴν
901 2630 991 2683 καὶ
1013 2628 1095 2683 ὅτι
1116 2626 1509 2698 ἀνομοιότητός
1527 2647 1583 2680 τε
1604 2628 1693 2680 καὶ
1712 2623 1969 2693 ανισότη-

299 2733 389 2775 τος
409 2709 477 2765 οὐ
498 2711 730 2782 μετέχει,
753 2710 841 2764 καὶ
861 2716 1022 2764 τοῦτο
1045 2713 1316 2781 ἐλέγομεν.
1370 2709 1532 2763 Πανυ
1551 2729 1650 2777 μεν
1671 2709 1790 2760 οὐν.
1842 2712 1970 2769 Πῶς

193 2807 269 2849 141
301 2787 406 2848 οὖν
436 2790 555 2849 οἶόν
583 2815 639 2848 τε
669 2798 817 2848 ἔσται
847 2788 1050 2856 τινὸς
1023 2816 1055 2863 η
1091 2787 1516 2864 πρεσβύτερονῆ
1540 2788 1812 2857 νεώτερον
1833 2787 1947 2844 εἷνα
