2028 3198
243 139 350 192 366
805 144 1366 193 ΑΝΤΕΡΛΣΤΑΙ.
1873 154 1931 199 96

245 266 311 330 εὖ
328 270 400 330 ἂν
417 275 520 345 τὴν
540 278 720 329 οἰκίαν
741 278 941 330 διοικοῑ
968 271 1006 346 ἢ
1036 275 1175 348 ἄλλῃ
1204 279 1311 333 τινὶ
1339 279 1528 350 τέχνῃ;
1567 282 1928 352 Δικαιοσύνη.

227 355 417 411 Ἔστιν
429 353 536 427 ἄρα
549 355 738 427 ταύτό,
762 353 834 421 ὡς
846 361 1007 426 ἔοικε,
1028 358 1303 432 βασιλεύς,
1324 360 1618 431 τύραννος,
1633 363 1928 432 πολιτικός,

245 437 556 510 οἰκονόμος,
580 439 867 538 δεσπότης,
883 439 1148 510 σώφρων,
1171 443 1392 507 δίκαιος.
1417 442 1507 497 καὶ
1526 448 1623 513 μία
1637 446 1797 515 τέχνη
1818 445 1929 498 ἐστὶ

242 520 500 591 βασιλική
514 561 530 591 ,
559 521 867 592 τυραννική
881 563 896 587 ,
929 522 1184 592 πολιτική
1195 563 1210 590 ,
1245 523 1565 594 δεσποτική,
1587 523 1928 595 οἰκονομική,

243 602 597 674 δικαιοσύνη,
620 603 975 674 σωφροσύνη.
1011 608 1302 672 Φαίνεται,
1324 608 1428 675 ἔφη
1443 645 1457 672 ‚
1478 604 1671 670 ούτως.

178 693 211 734 D
381 689 466 739 IX.
540 684 792 754 Πότερον
825 687 931 739 οὐν
960 691 1038 757 τῷ
1073 685 1396 757 φιλοσόφω,
1435 684 1572 741 ὅταν
1606 687 1707 756 μὲν
1743 685 1929 755 ἰατρὸς

241 766 367 837 περὶ
396 771 511 821 τῶν
529 767 860 838 καμνόντων
887 789 938 821 τι
956 768 1088 839 λέγῃ
1102 809 1116 837 ,
1157 765 1385 836 αἰσχρὸν
1403 765 1539 838 μήθ’
1566 767 1799 822 ἕπεσθαι
1817 779 1927 832 τοῖς

241 850 558 918 λεγομένοις
579 848 861 904 δύνασθαι
882 849 1016 920 μήτε
1047 850 1461 921 ξυμβάλλεσθαι
1479 849 1652 920 μηδὲν
1673 851 1791 917 περὶ
1813 855 1928 904 τῶν

240 931 554 1000 λεγομένων
591 926 629 1001 ἦ
663 934 1082 1001 πραττομένων,
1123 932 1214 986 καὶ
1253 929 1462 987 ὁπόταν
1503 929 1667 995 ἄλλος
1707 953 1786 995 τις
1815 938 1923 986 τῶν

241 1015 623 1083 δημιουργῶν,
665 1008 951 1077 ὡσαύτως·
991 1010 1127 1068 ὅταν
1156 1013 1214 1068 δὲ
1245 1011 1504 1084 δικαστὴς
1533 1010 1569 1083 ἢ
1599 1011 1861 1085 βασιλεὺς
1889 1009 1926 1083 ἢ

239 1091 402 1158 ἄλλος
421 1115 500 1158 τις
519 1087 598 1149 ὦν
618 1099 726 1148 νῦν
745 1091 811 1165 δή
833 1093 1257 1164 διεληλύθαμεν,
1281 1091 1382 1149 οὐκ
1403 1091 1631 1164 αἰσχρὸν
1650 1096 1772 1163 περὶ
1793 1093 1921 1149 τού-

238 1196 351 1230 των
366 1174 507 1246 μήθ’
530 1177 762 1231 ἕπεσθαι
785 1175 1066 1230 δύνασθαι
1087 1175 1222 1246 μήτε
1244 1174 1660 1246 συμβάλλεσθαι
1679 1177 1802 1245 περὶ
1821 1173 1922 1229 αύ-

238 1265 377 1324 τῶν;
399 1264 528 1323 Πῶς
548 1255 599 1313 δ’
625 1256 728 1313 οὐκ
748 1258 994 1329 αἰσχρόν,
1018 1251 1062 1312 ὦ
1081 1257 1393 1326 Σώκρατες,
1415 1263 1546 1328 περί
1560 1279 1620 1327 γε
1639 1258 1918 1314 τοσούτων

239 1341 580 1411 πραγμάτων
597 1341 771 1411 μηδὲν
791 1344 934 1411 ἔχειν
955 1340 1399 1410 συμβάλλεσθαι;
1433 1341 1685 1411 Πότερον
1704 1334 1810 1397 οὖν
1830 1341 1922 1396 καὶ

178 1439 211 1480 Ε
244 1424 366 1493 περὶ
394 1429 567 1479 ταῦτα
597 1425 868 1495 λέγωμεν,
909 1427 1078 1494 ἔφην,
1118 1425 1434 1479 πένταθλον
1454 1421 1627 1479 αὐτὸν
1648 1427 1764 1478 δεῖν
1784 1421 1923 1478 εἶναι

238 1508 328 1562 καὶ
346 1505 627 1577 ὕπακρον,
666 1509 756 1562 καὶ
777 1508 837 1562 ἐν
857 1505 1073 1570 τούτοις
1091 1503 1158 1561 τά
1181 1509 1461 1573 δευτερεῖα
1481 1509 1672 1575 ἔχοντα
1693 1504 1919 1559 πάντων

238 1587 336 1644 τὸν
355 1587 698 1659 φιλόσοφον,
736 1590 826 1644 καὶ
857 1587 1076 1660 ἀχρεῖον
1109 1586 1275 1659 εἶναι,
1317 1589 1418 1651 ἕως
1446 1583 1516 1642 ἂν
1535 1587 1749 1642 τούτων
1768 1608 1847 1651 τις
1866 1579 1919 1658 ᾗ,

237 1665 272 1739 ἦ
303 1677 525 1740 πρῶτον
554 1671 656 1741 μὲν
683 1670 787 1741 τὴν
816 1669 994 1726 αὑτοῦ
1022 1675 1202 1726 οἰκίαν
1243 1667 1346 1725 οὐκ
1383 1668 1531 1742 ἄλλῳ
1571 1669 1920 1740 ἐπιτρεπτέον

239 1749 369 1806 οὐδὲ
390 1749 455 1806 τὰ
478 1755 757 1822 δευτερεῖα
780 1756 840 1807 ἐν
859 1752 1036 1825 τούτῳ
1059 1753 1263 1821 ἑκτέον,
1287 1749 1409 1806 ἀλλ’
1432 1748 1604 1806 αὐτὸν
1622 1753 1922 1805 κολαστέον

239 1832 528 1897 δικάζοντα
557 1832 772 1905 ὀρθῶς,
816 1839 866 1890 εἰ
893 1837 1074 1905 μέλλει
1105 1827 1170 1889 εὖ
1198 1838 1473 1889 οἰκεῖσθαι
1503 1831 1678 1888 αὐτοῦ
1697 1829 1731 1903 ἡ
1751 1836 1919 1894 οἰκία;

235 1912 548 1983 Ξυνεχώρει
568 1913 634 1982 δή
654 1936 760 1983 μοι.
800 1913 1022 1969 ’Ἑπειτά
1049 1936 1111 1984 γε
1132 1914 1360 1985 δήπου’
1333 1914 1432 1969 εάν
1448 1936 1506 1969 τε
1526 1917 1582 1969 οι
1600 1920 1748 1984 φίλοι
1770 1911 1921 1984 αὐτῷ

239 1999 445 2059 διαίτας
464 1998 854 2066 ἐπιτρέπωσιν,
879 1996 974 2051 ἐάν
994 2018 1050 2051 τε
1070 1994 1103 2066 ἡ
1126 1995 1283 2060 πόλις
1301 2017 1352 2049 τι
1372 1994 1684 2066 προστάττῃ
1703 1998 1918 2063 διακρί-

128 2091 206 2138 139
239 2097 358 2131 νειν
376 2072 412 2147 η’
434 2076 698 2149 δικάζειν,
739 2076 1016 2149 αἰσχρόν’
990 2101 1049 2133 εν
1067 2077 1309 2147 τούτοις,
1351 2079 1393 2131 ὦ
1411 2077 1618 2145 ἑταῖρε,
1657 2077 1918 2145 δεύτερον

234 2162 536 2227 φαίνεσθαι
573 2181 605 2230 η
643 2167 827 2229 τρίτον
864 2163 955 2215 και
992 2157 1064 2230 μὴ
1103 2158 1204 2230 οὐχ
1243 2158 1528 2230 ἡγεῖσθαι;
1601 2164 1778 2213 Δοκεῖ
1808 2178 1914 2228 μοι.

233 2238 503 2295 Πολλοῦ’
480 2239 588 2310 άρα
609 2238 739 2296 δεῖ
707 2252 856 2312 ημῖν,
881 2263 922 2296 ω
943 2238 1297 2310 βέλτιστε,τὸ
1320 2246 1648 2311 φιλοσοφεῖν
1666 2246 1919 2310 πολυμα-

231 2327 330 2377 θία
359 2343 417 2377 τε
451 2320 590 2377 εἶναι
618 2325 708 2378 καὶ
734 2345 767 2424 η
797 2326 922 2391 περὶ
949 2323 1045 2387 τὰς
1072 2324 1262 2392 τέχνας
1282 2326 1635 2393 πραγματεία
1669 2322 1918 2386 εἰπόντος

235 2403 287 2460 δ’
309 2407 444 2475 ἐμοῦ
463 2410 637 2459 ταῦτα
657 2403 686 2460 ὁ
708 2426 807 2475 μεν
830 2402 1005 2474 σοφὸς
1024 2405 1342 2474 αἰσχυνθεὶς
1367 2416 1480 2470 τοῖς
1500 2405 1918 2476 προειρημένοις

233 2489 511 2557 ἐσίγησεν,
550 2482 578 2541 ὁ
610 2486 669 2541 δὲ
699 2484 920 2557 ἀμαθὴς
945 2490 1049 2557 ἔφη
1079 2488 1302 2551 ἐκείνως
1333 2485 1499 2543 εἶναι·
1541 2488 1632 2542 καὶ
1670 2489 1727 2542 oc
1759 2485 1917 2541 ἄλλοι

232 2568 508 2641 ἐπῄνεσαν
527 2568 592 2624 τὰ
612 2570 886 2639 εἰρημένα.
