<?xml version="1.0" encoding="UTF-8"?>
<!DOCTYPE html PUBLIC "-//W3C//DTD XHTML 1.0 Transitional//EN"
    "http://www.w3.org/TR/xhtml1/DTD/xhtml1-transitional.dtd">
<html xmlns="http://www.w3.org/1999/xhtml" xml:lang="en" lang="en">
 <head>
  <title>
</title>
<meta http-equiv="Content-Type" content="text/html;charset=utf-8" />
  <meta name='ocr-system' content='tesseract 3.04.00' />
  <meta name='ocr-capabilities' content='ocr_page ocr_carea ocr_par ocr_line ocrx_word'/>
</head>
<body>
  <div class='ocr_page' id='page_1' title='image "./dialogisecumdumt02platuoft_0071.png"; bbox 0 0 2028 3198; ppageno 0'>
   <div class='ocr_carea' id='block_1_1' title="bbox 622 117 1755 178">
    <p class='ocr_par' dir='ltr' id='par_1_1' title="bbox 622 117 1755 178">
     <span class='ocr_line' id='line_1_1' title="bbox 622 117 1755 178; baseline -0.003 -6"><span class='ocrx_word' id='word_1_1' title='bbox 622 122 1206 178; x_wconf 80' lang='grc' dir='ltr'><em>ΠΑΡΜΕΝΙΔΗΣ.</em></span> <span class='ocrx_word' id='word_1_2' title='bbox 1687 117 1755 170; x_wconf 88' lang='grc'><strong><em>41</em></strong></span> 
     </span>
    </p>
   </div>
   <div class='ocr_carea' id='block_1_2' title="bbox 73 255 1872 2870">
    <p class='ocr_par' dir='ltr' id='par_1_2' title="bbox 73 255 1872 2213">
     <span class='ocr_line' id='line_1_2' title="bbox 74 255 1814 329; baseline -0.001 -15"><span class='ocrx_word' id='word_1_3' title='bbox 74 259 183 314; x_wconf 82' lang='grc' dir='ltr'><strong><em>Καὶ</em></strong></span> <span class='ocrx_word' id='word_1_4' title='bbox 211 258 323 329; x_wconf 87' lang='grc' dir='ltr'><strong><em>μὴν</em></strong></span> <span class='ocrx_word' id='word_1_5' title='bbox 351 255 574 314; x_wconf 78' lang='grc' dir='ltr'><strong><em>ἐπειδάν</em></strong></span> <span class='ocrx_word' id='word_1_6' title='bbox 599 277 663 326; x_wconf 76' lang='grc' dir='ltr'><strong><em>γε</em></strong></span> <span class='ocrx_word' id='word_1_7' title='bbox 691 258 754 310; x_wconf 77' lang='grc' dir='ltr'><strong><em>ἓν</em></strong></span> <span class='ocrx_word' id='word_1_8' title='bbox 785 255 1021 310; x_wconf 82' lang='grc' dir='ltr'><strong><em>ἕκαστον</em></strong></span> <span class='ocrx_word' id='word_1_9' title='bbox 1051 255 1251 326; x_wconf 91' lang='grc' dir='ltr'><strong><em>μόριον</em></strong></span> <span class='ocrx_word' id='word_1_10' title='bbox 1278 255 1478 325; x_wconf 87' lang='grc' dir='ltr'><strong><em>μόριον</em></strong></span> <span class='ocrx_word' id='word_1_11' title='bbox 1506 255 1746 324; x_wconf 77' lang='grc' dir='ltr'><strong><em>γένηται,</em></strong></span> <span class='ocrx_word' id='word_1_12' title='bbox 1778 272 1814 312; x_wconf 93' lang='lat' dir='ltr'>D</span> 
     </span>
     <span class='ocr_line' id='line_1_3' title="bbox 73 333 1755 410; baseline -0.003 -15"><span class='ocrx_word' id='word_1_13' title='bbox 73 341 244 409; x_wconf 99' lang='grc' dir='ltr'><strong><em>πέρας</em></strong></span> <span class='ocrx_word' id='word_1_14' title='bbox 260 337 368 410; x_wconf 75' lang='grc' dir='ltr'><strong><em>ἤδη</em></strong></span> <span class='ocrx_word' id='word_1_15' title='bbox 388 343 495 409; x_wconf 79' lang='grc' dir='ltr'><strong><em>ἔχει</em></strong></span> <span class='ocrx_word' id='word_1_16' title='bbox 511 334 651 407; x_wconf 80' lang='grc' dir='ltr'><strong><em>πρὸς</em></strong></span> <span class='ocrx_word' id='word_1_17' title='bbox 666 335 876 407; x_wconf 72' lang='grc' dir='ltr'><strong><em>ἄλληλα</em></strong></span> <span class='ocrx_word' id='word_1_18' title='bbox 894 337 986 391; x_wconf 82' lang='grc' dir='ltr'><strong><em>καὶ</em></strong></span> <span class='ocrx_word' id='word_1_19' title='bbox 1003 334 1145 406; x_wconf 83' lang='grc' dir='ltr'><strong><em>πρὸς</em></strong></span> <span class='ocrx_word' id='word_1_20' title='bbox 1161 335 1222 392; x_wconf 88' lang='grc' dir='ltr'>τὸ</span> <span class='ocrx_word' id='word_1_21' title='bbox 1244 335 1405 407; x_wconf 79' lang='grc' dir='ltr'><strong><em>ὅλον,</em></strong></span> <span class='ocrx_word' id='word_1_22' title='bbox 1427 337 1518 391; x_wconf 86' lang='grc' dir='ltr'><strong><em>καὶ</em></strong></span> <span class='ocrx_word' id='word_1_23' title='bbox 1534 333 1595 391; x_wconf 86' lang='grc' dir='ltr'><strong><em>τὸ</em></strong></span> <span class='ocrx_word' id='word_1_24' title='bbox 1618 335 1755 391; x_wconf 82' lang='grc' dir='ltr'><strong><em>ὅλον</em></strong></span> 
     </span>
     <span class='ocr_line' id='line_1_4' title="bbox 73 411 1755 490; baseline -0.002 -13"><span class='ocrx_word' id='word_1_25' title='bbox 73 421 213 488; x_wconf 82' lang='grc' dir='ltr'><strong><em>πρὸς</em></strong></span> <span class='ocrx_word' id='word_1_26' title='bbox 229 418 296 475; x_wconf 78' lang='grc' dir='ltr'><strong><em>τὰ</em></strong></span> <span class='ocrx_word' id='word_1_27' title='bbox 313 419 495 490; x_wconf 88' lang='grc' dir='ltr'><strong><em>μόρια.</em></strong></span> <span class='ocrx_word' id='word_1_28' title='bbox 541 422 760 490; x_wconf 79' lang='grc' dir='ltr'><strong><em>Κομιδῇ</em></strong></span> <span class='ocrx_word' id='word_1_29' title='bbox 779 420 881 488; x_wconf 80' lang='grc' dir='ltr'><strong><em>μὲν</em></strong></span> <span class='ocrx_word' id='word_1_30' title='bbox 899 411 1020 472; x_wconf 79' lang='grc' dir='ltr'><strong><em>οὖν.</em></strong></span> <span class='ocrx_word' id='word_1_31' title='bbox 1075 424 1200 483; x_wconf 85' lang='grc' dir='ltr'><strong><em>Τοῖς</em></strong></span> <span class='ocrx_word' id='word_1_32' title='bbox 1218 417 1405 483; x_wconf 79' lang='grc' dir='ltr'><strong><em>ἄλλοις</em></strong></span> <span class='ocrx_word' id='word_1_33' title='bbox 1425 416 1491 489; x_wconf 79' lang='grc' dir='ltr'><strong><em>δὴ</em></strong></span> <span class='ocrx_word' id='word_1_34' title='bbox 1512 423 1612 473; x_wconf 88' lang='grc' dir='ltr'><strong><em>τοῦ</em></strong></span> <span class='ocrx_word' id='word_1_35' title='bbox 1631 417 1755 482; x_wconf 82' lang='grc' dir='ltr'><strong><em>ἑνὸς</em></strong></span> 
     </span>
     <span class='ocr_line' id='line_1_5' title="bbox 75 499 1751 572; baseline -0.001 -16"><span class='ocrx_word' id='word_1_36' title='bbox 75 505 360 572; x_wconf 81' lang='grc' dir='ltr'><strong><em>ξυμβαίνει</em></strong></span> <span class='ocrx_word' id='word_1_37' title='bbox 391 502 451 556; x_wconf 78' lang='grc' dir='ltr'><strong><em>ἐκ</em></strong></span> <span class='ocrx_word' id='word_1_38' title='bbox 471 501 573 571; x_wconf 76' lang='grc' dir='ltr'><strong><em>μὲν</em></strong></span> <span class='ocrx_word' id='word_1_39' title='bbox 589 505 691 555; x_wconf 89' lang='grc' dir='ltr'><strong><em>τοῦ</em></strong></span> <span class='ocrx_word' id='word_1_40' title='bbox 710 500 834 564; x_wconf 85' lang='grc' dir='ltr'><strong><em>ἑνὸς</em></strong></span> <span class='ocrx_word' id='word_1_41' title='bbox 852 499 944 554; x_wconf 86' lang='grc' dir='ltr'><strong><em>καὶ</em></strong></span> <span class='ocrx_word' id='word_1_42' title='bbox 962 501 1015 565; x_wconf 82' lang='grc' dir='ltr'><strong><em>ἐξ</em></strong></span> <span class='ocrx_word' id='word_1_43' title='bbox 1034 500 1248 555; x_wconf 75' lang='grc' dir='ltr'><strong><em>ἑαυτῶν</em></strong></span> <span class='ocrx_word' id='word_1_44' title='bbox 1271 500 1751 571; x_wconf 80' lang='grc' dir='ltr'><strong><em>κοινωνησάντων,</em></strong></span> 
     </span>
     <span class='ocr_line' id='line_1_6' title="bbox 74 578 1753 652; baseline -0.001 -13"><span class='ocrx_word' id='word_1_45' title='bbox 74 582 148 648; x_wconf 78' lang='grc' dir='ltr'><strong><em>ὥς</em></strong></span> <span class='ocrx_word' id='word_1_46' title='bbox 164 587 364 651; x_wconf 79' lang='grc' dir='ltr'><strong><em>ἔοικεν,</em></strong></span> <span class='ocrx_word' id='word_1_47' title='bbox 382 581 576 649; x_wconf 84' lang='grc' dir='ltr'><strong><em>ἕτερόν</em></strong></span> <span class='ocrx_word' id='word_1_48' title='bbox 594 603 647 636; x_wconf 91' lang='grc' dir='ltr'><strong><em>τι</em></strong></span> <span class='ocrx_word' id='word_1_49' title='bbox 663 587 954 651; x_wconf 79' lang='grc' dir='ltr'><strong><em>γίγνεσθαι</em></strong></span> <span class='ocrx_word' id='word_1_50' title='bbox 969 583 1031 637; x_wconf 80' lang='grc' dir='ltr'><strong><em>ἐν</em></strong></span> <span class='ocrx_word' id='word_1_51' title='bbox 1043 581 1272 651; x_wconf 80' lang='grc' dir='ltr'><strong><em>ἑαυτοῖς,</em></strong></span> <span class='ocrx_word' id='word_1_52' title='bbox 1293 578 1327 636; x_wconf 80' lang='grc' dir='ltr'>ὃ</span> <span class='ocrx_word' id='word_1_53' title='bbox 1342 582 1407 652; x_wconf 78' lang='grc' dir='ltr'><strong><em>δὴ</em></strong></span> <span class='ocrx_word' id='word_1_54' title='bbox 1427 583 1594 652; x_wconf 86' lang='grc' dir='ltr'><strong><em>πέρας</em></strong></span> <span class='ocrx_word' id='word_1_55' title='bbox 1609 602 1753 652; x_wconf 88' lang='grc' dir='ltr'><strong><em>παρ-</em></strong></span> 
     </span>
     <span class='ocr_line' id='line_1_7' title="bbox 74 661 1754 736; baseline -0.001 -15"><span class='ocrx_word' id='word_1_56' title='bbox 74 668 192 736; x_wconf 82' lang='grc' dir='ltr'><strong><em>έσχε</em></strong></span> <span class='ocrx_word' id='word_1_57' title='bbox 219 664 357 733; x_wconf 82' lang='grc' dir='ltr'><strong><em>πρὸς</em></strong></span> <span class='ocrx_word' id='word_1_58' title='bbox 382 663 619 734; x_wconf 74' lang='grc' dir='ltr'><strong><em>ἄλληλα·</em></strong></span> <span class='ocrx_word' id='word_1_59' title='bbox 655 662 690 735; x_wconf 86' lang='grc' dir='ltr'><em>ἡ</em></span> <span class='ocrx_word' id='word_1_60' title='bbox 723 662 774 719; x_wconf 80' lang='grc' dir='ltr'><strong><em>δ’</em></strong></span> <span class='ocrx_word' id='word_1_61' title='bbox 799 665 1014 721; x_wconf 74' lang='grc' dir='ltr'><strong><em>ἑαυτῶν</em></strong></span> <span class='ocrx_word' id='word_1_62' title='bbox 1042 663 1211 734; x_wconf 82' lang='grc' dir='ltr'><strong><em>φύσις</em></strong></span> <span class='ocrx_word' id='word_1_63' title='bbox 1239 661 1375 719; x_wconf 82' lang='grc' dir='ltr'><strong><em>καθ’</em></strong></span> <span class='ocrx_word' id='word_1_64' title='bbox 1407 663 1572 719; x_wconf 79' lang='grc' dir='ltr'><strong><em>ἑαυτὰ</em></strong></span> <span class='ocrx_word' id='word_1_65' title='bbox 1594 662 1754 720; x_wconf 87' lang='grc' dir='ltr'><strong><em>α’πει-</em></strong></span> 
     </span>
     <span class='ocr_line' id='line_1_8' title="bbox 74 743 1754 819; baseline -0.002 -15"><span class='ocrx_word' id='word_1_66' title='bbox 74 754 216 819; x_wconf 87' lang='grc' dir='ltr'><strong><em>ρίαν.</em></strong></span> <span class='ocrx_word' id='word_1_67' title='bbox 272 752 547 803; x_wconf 85' lang='grc' dir='ltr'><strong><em>Φαίνεται.</em></strong></span> <span class='ocrx_word' id='word_1_68' title='bbox 602 745 766 803; x_wconf 80' lang='grc' dir='ltr'><strong><em>Οὕτω</em></strong></span> <span class='ocrx_word' id='word_1_69' title='bbox 793 745 860 818; x_wconf 81' lang='grc' dir='ltr'><strong><em>δὴ</em></strong></span> <span class='ocrx_word' id='word_1_70' title='bbox 891 744 958 801; x_wconf 82' lang='grc' dir='ltr'><strong><em>τὰ</em></strong></span> <span class='ocrx_word' id='word_1_71' title='bbox 986 743 1127 801; x_wconf 72' lang='grc' dir='ltr'><strong><em>ἄλλα</em></strong></span> <span class='ocrx_word' id='word_1_72' title='bbox 1155 750 1256 801; x_wconf 88' lang='grc' dir='ltr'><strong><em>τοῦ</em></strong></span> <span class='ocrx_word' id='word_1_73' title='bbox 1286 743 1410 810; x_wconf 83' lang='grc' dir='ltr'><strong><em>ἑνὸς</em></strong></span> <span class='ocrx_word' id='word_1_74' title='bbox 1428 747 1520 801; x_wconf 84' lang='grc' dir='ltr'><strong><em>καὶ</em></strong></span> <span class='ocrx_word' id='word_1_75' title='bbox 1542 745 1644 802; x_wconf 87' lang='grc' dir='ltr'><strong><em>ὅλα</em></strong></span> <span class='ocrx_word' id='word_1_76' title='bbox 1665 749 1754 801; x_wconf 81' lang='grc' dir='ltr'><strong><em>καὶ</em></strong></span> 
     </span>
     <span class='ocr_line' id='line_1_9' title="bbox 76 827 1752 900; baseline -0.002 -15"><span class='ocrx_word' id='word_1_77' title='bbox 76 828 215 885; x_wconf 79' lang='grc' dir='ltr'><strong><em>κατὰ</em></strong></span> <span class='ocrx_word' id='word_1_78' title='bbox 242 829 410 900; x_wconf 87' lang='grc' dir='ltr'><strong><em>μόρια</em></strong></span> <span class='ocrx_word' id='word_1_79' title='bbox 429 827 629 898; x_wconf 71' lang='grc' dir='ltr'><strong><em>ἄπειρά</em></strong></span> <span class='ocrx_word' id='word_1_80' title='bbox 648 830 708 885; x_wconf 93' lang='grc' dir='ltr'><strong><em>τέ</em></strong></span> <span class='ocrx_word' id='word_1_81' title='bbox 723 832 836 884; x_wconf 83' lang='grc' dir='ltr'><strong><em>ἐστι</em></strong></span> <span class='ocrx_word' id='word_1_82' title='bbox 854 831 946 884; x_wconf 81' lang='grc' dir='ltr'><strong><em>καὶ</em></strong></span> <span class='ocrx_word' id='word_1_83' title='bbox 964 831 1195 897; x_wconf 83' lang='grc' dir='ltr'><strong><em>πέρατος</em></strong></span> <span class='ocrx_word' id='word_1_84' title='bbox 1214 830 1434 898; x_wconf 81' lang='grc' dir='ltr'><strong><em>μετέχει.</em></strong></span> <span class='ocrx_word' id='word_1_85' title='bbox 1491 827 1658 882; x_wconf 88' lang='grc' dir='ltr'><strong><em>Πάνυ</em></strong></span> <span class='ocrx_word' id='word_1_86' title='bbox 1675 849 1752 897; x_wconf 80' lang='grc' dir='ltr'><strong><em>γε.</em></strong></span> 
     </span>
     <span class='ocr_line' id='line_1_10' title="bbox 77 907 1814 983; baseline -0.005 -14"><span class='ocrx_word' id='word_1_87' title='bbox 77 911 306 969; x_wconf 80' lang='grc' dir='ltr'><strong><em>Οὐκοῦν</em></strong></span> <span class='ocrx_word' id='word_1_88' title='bbox 324 914 415 968; x_wconf 81' lang='grc' dir='ltr'><strong><em>καὶ</em></strong></span> <span class='ocrx_word' id='word_1_89' title='bbox 435 911 598 983; x_wconf 81' lang='grc' dir='ltr'><strong><em>ὅμοιά</em></strong></span> <span class='ocrx_word' id='word_1_90' title='bbox 615 934 674 968; x_wconf 87' lang='grc' dir='ltr'><strong><em>τε</em></strong></span> <span class='ocrx_word' id='word_1_91' title='bbox 693 915 779 968; x_wconf 78' lang='grc' dir='ltr'><strong><em>καὶ</em></strong></span> <span class='ocrx_word' id='word_1_92' title='bbox 802 909 1037 981; x_wconf 77' lang='grc' dir='ltr'><strong><em>ἀνόμοια</em></strong></span> <span class='ocrx_word' id='word_1_93' title='bbox 1058 907 1313 980; x_wconf 73' lang='grc' dir='ltr'><strong><em>ἀλλήλοις</em></strong></span> <span class='ocrx_word' id='word_1_94' title='bbox 1329 930 1386 964; x_wconf 92' lang='grc' dir='ltr'><strong><em>τε</em></strong></span> <span class='ocrx_word' id='word_1_95' title='bbox 1405 911 1497 966; x_wconf 88' lang='grc' dir='ltr'><strong><em>καὶ</em></strong></span> <span class='ocrx_word' id='word_1_96' title='bbox 1515 910 1751 975; x_wconf 83' lang='grc' dir='ltr'><strong><em>ἑαυτοῖς;</em></strong></span> <span class='ocrx_word' id='word_1_97' title='bbox 1781 921 1814 961; x_wconf 85' lang='grc' dir='ltr'><strong>Ε</strong></span> 
     </span>
     <span class='ocr_line' id='line_1_11' title="bbox 75 987 1758 1066; baseline -0.002 -16"><span class='ocrx_word' id='word_1_98' title='bbox 75 1001 168 1066; x_wconf 83' lang='grc' dir='ltr'><strong><em>Πῇ</em></strong></span> <span class='ocrx_word' id='word_1_99' title='bbox 200 995 293 1065; x_wconf 79' lang='grc' dir='ltr'><strong><em>δή;</em></strong></span> <span class='ocrx_word' id='word_1_100' title='bbox 323 987 411 1048; x_wconf 81' lang='grc' dir='ltr'><strong><em>Ἧι</em></strong></span> <span class='ocrx_word' id='word_1_101' title='bbox 436 997 538 1064; x_wconf 88' lang='grc' dir='ltr'><strong><em>μέν</em></strong></span> <span class='ocrx_word' id='word_1_102' title='bbox 566 1015 677 1050; x_wconf 89' lang='grc' dir='ltr'><strong><em>που</em></strong></span> <span class='ocrx_word' id='word_1_103' title='bbox 709 993 909 1061; x_wconf 74' lang='grc' dir='ltr'><strong><em>ἄπειρά</em></strong></span> <span class='ocrx_word' id='word_1_104' title='bbox 939 994 1051 1048; x_wconf 85' lang='grc' dir='ltr'><strong><em>ἐστι</em></strong></span> <span class='ocrx_word' id='word_1_105' title='bbox 1069 990 1207 1048; x_wconf 78' lang='grc' dir='ltr'><strong><em>κατὰ</em></strong></span> <span class='ocrx_word' id='word_1_106' title='bbox 1226 990 1330 1063; x_wconf 84' lang='grc' dir='ltr'><strong><em>τὴν</em></strong></span> <span class='ocrx_word' id='word_1_107' title='bbox 1349 992 1563 1049; x_wconf 77' lang='grc' dir='ltr'><strong><em>ἑαυτῶν</em></strong></span> <span class='ocrx_word' id='word_1_108' title='bbox 1582 992 1758 1063; x_wconf 86' lang='grc' dir='ltr'><strong><em>φύσιν</em></strong></span> 
     </span>
     <span class='ocr_line' id='line_1_12' title="bbox 77 1071 1758 1148; baseline -0.001 -16"><span class='ocrx_word' id='word_1_109' title='bbox 77 1076 283 1146; x_wconf 85' lang='grc' dir='ltr'><strong><em>πάντα,</em></strong></span> <span class='ocrx_word' id='word_1_110' title='bbox 322 1074 529 1131; x_wconf 80' lang='grc' dir='ltr'><strong><em>ταύτὸν</em></strong></span> <span class='ocrx_word' id='word_1_111' title='bbox 546 1076 874 1132; x_wconf 82' lang='grc' dir='ltr'><strong><em>πεπονθότα</em></strong></span> <span class='ocrx_word' id='word_1_112' title='bbox 896 1071 967 1130; x_wconf 66' lang='grc' dir='ltr'><strong><em>ἂν</em></strong></span> <span class='ocrx_word' id='word_1_113' title='bbox 986 1084 1069 1146; x_wconf 75' lang='grc' dir='ltr'><strong><em>εἴη</em></strong></span> <span class='ocrx_word' id='word_1_114' title='bbox 1090 1075 1278 1148; x_wconf 81' lang='grc' dir='ltr'><strong><em>ταύτῃ.</em></strong></span> <span class='ocrx_word' id='word_1_115' title='bbox 1333 1074 1497 1131; x_wconf 82' lang='grc' dir='ltr'><strong><em>Πάνυ</em></strong></span> <span class='ocrx_word' id='word_1_116' title='bbox 1517 1096 1594 1145; x_wconf 81' lang='grc' dir='ltr'><strong><em>γε.</em></strong></span> <span class='ocrx_word' id='word_1_117' title='bbox 1648 1076 1758 1130; x_wconf 86' lang='grc' dir='ltr'><strong><em>Καὶ</em></strong></span> 
     </span>
     <span class='ocr_line' id='line_1_13' title="bbox 75 1151 1755 1230; baseline 0 -16"><span class='ocrx_word' id='word_1_118' title='bbox 75 1157 185 1230; x_wconf 83' lang='grc' dir='ltr'><strong><em>μὴν</em></strong></span> <span class='ocrx_word' id='word_1_119' title='bbox 205 1151 244 1230; x_wconf 78' lang='grc' dir='ltr'><em>ᾗ</em></span> <span class='ocrx_word' id='word_1_120' title='bbox 262 1180 322 1229; x_wconf 78' lang='grc' dir='ltr'><strong><em>γε</em></strong></span> <span class='ocrx_word' id='word_1_121' title='bbox 345 1156 561 1215; x_wconf 80' lang='grc' dir='ltr'><strong><em>ἅπαντα</em></strong></span> <span class='ocrx_word' id='word_1_122' title='bbox 580 1162 814 1229; x_wconf 89' lang='grc' dir='ltr'><strong><em>πέρατος</em></strong></span> <span class='ocrx_word' id='word_1_123' title='bbox 833 1159 1067 1229; x_wconf 83' lang='grc' dir='ltr'><strong><em>μετέχει,</em></strong></span> <span class='ocrx_word' id='word_1_124' title='bbox 1087 1160 1178 1214; x_wconf 81' lang='grc' dir='ltr'><strong><em>καὶ</em></strong></span> <span class='ocrx_word' id='word_1_125' title='bbox 1197 1158 1370 1230; x_wconf 83' lang='grc' dir='ltr'><strong><em>ταύτῃ</em></strong></span> <span class='ocrx_word' id='word_1_126' title='bbox 1388 1155 1555 1213; x_wconf 90' lang='grc' dir='ltr'><strong><em>πάντ’</em></strong></span> <span class='ocrx_word' id='word_1_127' title='bbox 1580 1153 1653 1213; x_wconf 70' lang='grc' dir='ltr'><strong><em>οἶν</em></strong></span> <span class='ocrx_word' id='word_1_128' title='bbox 1673 1165 1755 1228; x_wconf 75' lang='grc' dir='ltr'><strong><em>εἴη</em></strong></span> 
     </span>
     <span class='ocr_line' id='line_1_14' title="bbox 80 1232 1756 1311; baseline -0.002 -14"><span class='ocrx_word' id='word_1_129' title='bbox 80 1238 279 1298; x_wconf 78' lang='grc' dir='ltr'><strong><em>ταύτὸν</em></strong></span> <span class='ocrx_word' id='word_1_130' title='bbox 295 1241 634 1297; x_wconf 80' lang='grc' dir='ltr'><strong><em>πεπονθότα.</em></strong></span> <span class='ocrx_word' id='word_1_131' title='bbox 670 1247 801 1305; x_wconf 76' lang='grc' dir='ltr'><strong><em>Πῶς</em></strong></span> <span class='ocrx_word' id='word_1_132' title='bbox 820 1239 874 1295; x_wconf 79' lang='grc' dir='ltr'><strong><em>δ’</em></strong></span> <span class='ocrx_word' id='word_1_133' title='bbox 895 1238 993 1306; x_wconf 80' lang='grc' dir='ltr'><strong><em>οὔ;</em></strong></span> <span class='ocrx_word' id='word_1_134' title='bbox 1022 1232 1110 1295; x_wconf 62' lang='lat' dir='ltr'><strong><em>‘Hc</em></strong></span> <span class='ocrx_word' id='word_1_135' title='bbox 1130 1242 1197 1295; x_wconf 82' lang='grc' dir='ltr'><strong><em>δέ</em></strong></span> <span class='ocrx_word' id='word_1_136' title='bbox 1210 1262 1273 1311; x_wconf 76' lang='grc' dir='ltr'><strong><em>γε</em></strong></span> <span class='ocrx_word' id='word_1_137' title='bbox 1292 1241 1680 1311; x_wconf 86' lang='grc' dir='ltr'><strong><em>πεπερασμένα</em></strong></span> <span class='ocrx_word' id='word_1_138' title='bbox 1698 1260 1756 1294; x_wconf 89' lang='grc' dir='ltr'><strong><em>τε</em></strong></span> 
     </span>
     <span class='ocr_line' id='line_1_15' title="bbox 77 1320 1754 1394; baseline -0.002 -14"><span class='ocrx_word' id='word_1_139' title='bbox 77 1323 216 1380; x_wconf 84' lang='grc' dir='ltr'><strong><em>εἶναι</em></strong></span> <span class='ocrx_word' id='word_1_140' title='bbox 244 1326 335 1379; x_wconf 82' lang='grc' dir='ltr'><strong><em>καὶ</em></strong></span> <span class='ocrx_word' id='word_1_141' title='bbox 362 1321 561 1393; x_wconf 70' lang='grc' dir='ltr'><strong><em>ἄπειρα</em></strong></span> <span class='ocrx_word' id='word_1_142' title='bbox 581 1326 891 1391; x_wconf 84' lang='grc' dir='ltr'><strong><em>πέπονθεν,</em></strong></span> <span class='ocrx_word' id='word_1_143' title='bbox 925 1324 1148 1377; x_wconf 80' lang='grc' dir='ltr'><strong><em>ἐναντία</em></strong></span> <span class='ocrx_word' id='word_1_144' title='bbox 1171 1321 1325 1393; x_wconf 86' lang='grc' dir='ltr'><strong><em>πάθη</em></strong></span> <span class='ocrx_word' id='word_1_145' title='bbox 1346 1320 1602 1394; x_wconf 82' lang='grc' dir='ltr'><strong><em>ἀλλήλοις</em></strong></span> <span class='ocrx_word' id='word_1_146' title='bbox 1620 1321 1754 1379; x_wconf 84' lang='grc' dir='ltr'><strong><em>ὅντα</em></strong></span> 
     </span>
     <span class='ocr_line' id='line_1_16' title="bbox 75 1400 1872 1477; baseline -0.001 -15"><span class='ocrx_word' id='word_1_147' title='bbox 75 1412 247 1462; x_wconf 88' lang='grc' dir='ltr'><strong><em>ταῦτα</em></strong></span> <span class='ocrx_word' id='word_1_148' title='bbox 264 1405 331 1461; x_wconf 79' lang='grc' dir='ltr'><strong><em>τα</em></strong></span> <span class='ocrx_word' id='word_1_149' title='bbox 350 1406 506 1477; x_wconf 82' lang='grc' dir='ltr'><strong><em>πάθη</em></strong></span> <span class='ocrx_word' id='word_1_150' title='bbox 527 1408 828 1462; x_wconf 83' lang='grc' dir='ltr'><strong><em>πέπονθεν.</em></strong></span> <span class='ocrx_word' id='word_1_151' title='bbox 867 1410 995 1460; x_wconf 93' lang='grc' dir='ltr'><strong><em>Ναί.</em></strong></span> <span class='ocrx_word' id='word_1_152' title='bbox 1044 1402 1123 1459; x_wconf 80' lang='grc' dir='ltr'><strong><em>Τὰ</em></strong></span> <span class='ocrx_word' id='word_1_153' title='bbox 1144 1400 1197 1459; x_wconf 79' lang='grc' dir='ltr'><strong><em>δ’</em></strong></span> <span class='ocrx_word' id='word_1_154' title='bbox 1220 1406 1444 1460; x_wconf 85' lang='grc' dir='ltr'><strong><em>ἐναντία</em></strong></span> <span class='ocrx_word' id='word_1_155' title='bbox 1461 1426 1525 1475; x_wconf 73' lang='grc' dir='ltr'><strong><em>γε</em></strong></span> <span class='ocrx_word' id='word_1_156' title='bbox 1545 1401 1617 1468; x_wconf 76' lang='grc' dir='ltr'><strong><em>ὡς</em></strong></span> <span class='ocrx_word' id='word_1_157' title='bbox 1637 1401 1758 1460; x_wconf 86' lang='grc' dir='ltr'><strong><em>οἷόν</em></strong></span> <span class='ocrx_word' id='word_1_158' title='bbox 1786 1410 1872 1456; x_wconf 83' lang='lat'><strong><em>159</em></strong></span> 
     </span>
     <span class='ocr_line' id='line_1_17' title="bbox 75 1484 1756 1558; baseline -0.002 -15"><span class='ocrx_word' id='word_1_159' title='bbox 75 1510 132 1544; x_wconf 84' lang='grc' dir='ltr'><strong><em>τε</em></strong></span> <span class='ocrx_word' id='word_1_160' title='bbox 152 1486 534 1558; x_wconf 73' lang='grc' dir='ltr'><strong><em>ἀνομοιότατα.</em></strong></span> <span class='ocrx_word' id='word_1_161' title='bbox 598 1493 666 1542; x_wconf 88' lang='grc' dir='ltr'><strong><em>Τί</em></strong></span> <span class='ocrx_word' id='word_1_162' title='bbox 681 1487 816 1557; x_wconf 86' lang='grc' dir='ltr'><strong><em>μήν;</em></strong></span> <span class='ocrx_word' id='word_1_163' title='bbox 854 1484 1008 1541; x_wconf 82' lang='grc' dir='ltr'><strong><em>Κατὰ</em></strong></span> <span class='ocrx_word' id='word_1_164' title='bbox 1034 1488 1136 1556; x_wconf 78' lang='grc' dir='ltr'><strong><em>μὲν</em></strong></span> <span class='ocrx_word' id='word_1_165' title='bbox 1154 1484 1261 1555; x_wconf 77' lang='grc' dir='ltr'><strong><em>ἄρα</em></strong></span> <span class='ocrx_word' id='word_1_166' title='bbox 1282 1486 1545 1554; x_wconf 85' lang='grc' dir='ltr'><strong><em>ἑκάτερον</em></strong></span> <span class='ocrx_word' id='word_1_167' title='bbox 1562 1484 1624 1545; x_wconf 87' lang='grc' dir='ltr'><strong><em>τὸ</em></strong></span> <span class='ocrx_word' id='word_1_168' title='bbox 1647 1486 1756 1541; x_wconf 91' lang='grc' dir='ltr'><strong><em>πά-</em></strong></span> 
     </span>
     <span class='ocr_line' id='line_1_18' title="bbox 74 1565 1752 1642; baseline -0.002 -16"><span class='ocrx_word' id='word_1_169' title='bbox 74 1578 179 1635; x_wconf 90' lang='grc' dir='ltr'><strong><em>θος</em></strong></span> <span class='ocrx_word' id='word_1_170' title='bbox 212 1569 375 1642; x_wconf 82' lang='grc' dir='ltr'><strong><em>ὅμοια</em></strong></span> <span class='ocrx_word' id='word_1_171' title='bbox 405 1567 477 1625; x_wconf 76' lang='grc' dir='ltr'><strong><em>ἂν</em></strong></span> <span class='ocrx_word' id='word_1_172' title='bbox 506 1578 589 1641; x_wconf 76' lang='grc' dir='ltr'><strong><em>εἴη</em></strong></span> <span class='ocrx_word' id='word_1_173' title='bbox 622 1568 763 1624; x_wconf 82' lang='grc' dir='ltr'><strong><em>αὐτά</em></strong></span> <span class='ocrx_word' id='word_1_174' title='bbox 791 1590 848 1624; x_wconf 91' lang='grc' dir='ltr'><strong><em>τε</em></strong></span> <span class='ocrx_word' id='word_1_175' title='bbox 878 1566 1065 1631; x_wconf 84' lang='grc' dir='ltr'><strong><em>αὑτοῖς</em></strong></span> <span class='ocrx_word' id='word_1_176' title='bbox 1092 1569 1183 1622; x_wconf 82' lang='grc' dir='ltr'><strong><em>καὶ</em></strong></span> <span class='ocrx_word' id='word_1_177' title='bbox 1210 1565 1493 1639; x_wconf 80' lang='grc' dir='ltr'><strong><em>ἀλλήλοις,</em></strong></span> <span class='ocrx_word' id='word_1_178' title='bbox 1531 1566 1670 1624; x_wconf 81' lang='grc' dir='ltr'><strong><em>κατὰ</em></strong></span> <span class='ocrx_word' id='word_1_179' title='bbox 1701 1565 1752 1623; x_wconf 83' lang='grc' dir='ltr'><strong><em>δ’</em></strong></span> 
     </span>
     <span class='ocr_line' id='line_1_19' title="bbox 76 1648 1755 1724; baseline -0.002 -17"><span class='ocrx_word' id='word_1_180' title='bbox 76 1651 362 1723; x_wconf 82' lang='grc' dir='ltr'><strong><em>ἀμφότερα</em></strong></span> <span class='ocrx_word' id='word_1_181' title='bbox 398 1651 722 1724; x_wconf 77' lang='grc' dir='ltr'><strong><em>ἀμφοτέρως</em></strong></span> <span class='ocrx_word' id='word_1_182' title='bbox 759 1650 1129 1706; x_wconf 74' lang='grc' dir='ltr'><strong><em>ἐναντιώτατά</em></strong></span> <span class='ocrx_word' id='word_1_183' title='bbox 1167 1672 1224 1705; x_wconf 91' lang='grc' dir='ltr'><strong><em>τε</em></strong></span> <span class='ocrx_word' id='word_1_184' title='bbox 1254 1651 1345 1705; x_wconf 85' lang='grc' dir='ltr'><strong><em>καὶ</em></strong></span> <span class='ocrx_word' id='word_1_185' title='bbox 1372 1648 1755 1720; x_wconf 82' lang='grc' dir='ltr'><strong><em>ἀνομοιότατα.</em></strong></span> 
     </span>
     <span class='ocr_line' id='line_1_20' title="bbox 78 1729 1759 1804; baseline -0.001 -15"><span class='ocrx_word' id='word_1_186' title='bbox 78 1734 424 1790; x_wconf 76' lang='grc' dir='ltr'><strong><em>Κινδυνεύει.</em></strong></span> <span class='ocrx_word' id='word_1_187' title='bbox 484 1732 647 1790; x_wconf 81' lang='grc' dir='ltr'><strong><em>Οὕτω</em></strong></span> <span class='ocrx_word' id='word_1_188' title='bbox 678 1735 744 1804; x_wconf 78' lang='grc' dir='ltr'><strong><em>δή</em></strong></span> <span class='ocrx_word' id='word_1_189' title='bbox 776 1731 842 1788; x_wconf 76' lang='grc' dir='ltr'><strong><em>τὰ</em></strong></span> <span class='ocrx_word' id='word_1_190' title='bbox 873 1732 1011 1789; x_wconf 74' lang='grc' dir='ltr'><strong><em>ἄλλα</em></strong></span> <span class='ocrx_word' id='word_1_191' title='bbox 1031 1731 1172 1788; x_wconf 81' lang='grc' dir='ltr'><strong><em>αὐτά</em></strong></span> <span class='ocrx_word' id='word_1_192' title='bbox 1195 1753 1253 1787; x_wconf 91' lang='grc' dir='ltr'><strong><em>τε</em></strong></span> <span class='ocrx_word' id='word_1_193' title='bbox 1273 1729 1461 1796; x_wconf 80' lang='grc' dir='ltr'><strong><em>αὐτοῖς</em></strong></span> <span class='ocrx_word' id='word_1_194' title='bbox 1476 1733 1568 1787; x_wconf 84' lang='grc' dir='ltr'><strong><em>καὶ</em></strong></span> <span class='ocrx_word' id='word_1_195' title='bbox 1586 1730 1759 1803; x_wconf 83' lang='grc' dir='ltr'><strong><em>άλλή-</em></strong></span> 
     </span>
     <span class='ocr_line' id='line_1_21' title="bbox 81 1811 1758 1887; baseline -0.002 -15"><span class='ocrx_word' id='word_1_196' title='bbox 81 1824 196 1882; x_wconf 88' lang='grc' dir='ltr'><strong><em>λοις</em></strong></span> <span class='ocrx_word' id='word_1_197' title='bbox 223 1814 387 1887; x_wconf 84' lang='grc' dir='ltr'><strong><em>ὅμοιά</em></strong></span> <span class='ocrx_word' id='word_1_198' title='bbox 418 1838 475 1871; x_wconf 87' lang='grc' dir='ltr'><strong><em>τε</em></strong></span> <span class='ocrx_word' id='word_1_199' title='bbox 495 1817 586 1871; x_wconf 84' lang='grc' dir='ltr'><strong><em>καὶ</em></strong></span> <span class='ocrx_word' id='word_1_200' title='bbox 603 1814 839 1885; x_wconf 80' lang='grc' dir='ltr'><strong><em>ἀνόμοια</em></strong></span> <span class='ocrx_word' id='word_1_201' title='bbox 857 1811 929 1869; x_wconf 77' lang='grc' dir='ltr'><strong><em>ἂν</em></strong></span> <span class='ocrx_word' id='word_1_202' title='bbox 949 1823 1047 1886; x_wconf 74' lang='grc' dir='ltr'><strong><em>εἴη.</em></strong></span> <span class='ocrx_word' id='word_1_203' title='bbox 1107 1812 1315 1879; x_wconf 80' lang='grc' dir='ltr'><strong><em>Οὕτως.</em></strong></span> <span class='ocrx_word' id='word_1_204' title='bbox 1369 1816 1479 1869; x_wconf 88' lang='grc' dir='ltr'><strong><em>Καὶ</em></strong></span> <span class='ocrx_word' id='word_1_205' title='bbox 1497 1811 1669 1869; x_wconf 80' lang='grc' dir='ltr'><strong><em>ταύτὰ</em></strong></span> <span class='ocrx_word' id='word_1_206' title='bbox 1689 1813 1758 1884; x_wconf 82' lang='grc' dir='ltr'><strong><em>δὴ</em></strong></span> 
     </span>
     <span class='ocr_line' id='line_1_22' title="bbox 81 1895 1759 1969; baseline -0.002 -16"><span class='ocrx_word' id='word_1_207' title='bbox 81 1899 173 1954; x_wconf 80' lang='grc' dir='ltr'><strong><em>καὶ</em></strong></span> <span class='ocrx_word' id='word_1_208' title='bbox 193 1899 352 1965; x_wconf 80' lang='grc' dir='ltr'><strong><em>ἕτερα</em></strong></span> <span class='ocrx_word' id='word_1_209' title='bbox 370 1895 652 1969; x_wconf 79' lang='grc' dir='ltr'><strong><em>ἀλλήλων,</em></strong></span> <span class='ocrx_word' id='word_1_210' title='bbox 674 1898 764 1953; x_wconf 81' lang='grc' dir='ltr'><strong><em>καὶ</em></strong></span> <span class='ocrx_word' id='word_1_211' title='bbox 784 1895 1086 1967; x_wconf 82' lang='grc' dir='ltr'><strong><em>κινούμενα</em></strong></span> <span class='ocrx_word' id='word_1_212' title='bbox 1103 1898 1194 1952; x_wconf 81' lang='grc' dir='ltr'><strong><em>καὶ</em></strong></span> <span class='ocrx_word' id='word_1_213' title='bbox 1213 1898 1445 1966; x_wconf 78' lang='grc' dir='ltr'><strong><em>ἑστῶτα,</em></strong></span> <span class='ocrx_word' id='word_1_214' title='bbox 1469 1896 1561 1952; x_wconf 83' lang='grc' dir='ltr'><strong><em>καὶ</em></strong></span> <span class='ocrx_word' id='word_1_215' title='bbox 1577 1895 1759 1950; x_wconf 88' lang='grc' dir='ltr'><strong><em>πάντα</em></strong></span> 
     </span>
     <span class='ocr_line' id='line_1_23' title="bbox 77 1976 1758 2050; baseline -0.001 -15"><span class='ocrx_word' id='word_1_216' title='bbox 77 1978 144 2036; x_wconf 81' lang='grc' dir='ltr'><strong><em>τὰ</em></strong></span> <span class='ocrx_word' id='word_1_217' title='bbox 173 1982 395 2035; x_wconf 79' lang='grc' dir='ltr'><strong><em>ἐναντία</em></strong></span> <span class='ocrx_word' id='word_1_218' title='bbox 426 1979 579 2049; x_wconf 87' lang='grc' dir='ltr'><strong><em>πάθη</em></strong></span> <span class='ocrx_word' id='word_1_219' title='bbox 610 1977 795 2034; x_wconf 86' lang='grc' dir='ltr'><strong><em>οὐκέτι</em></strong></span> <span class='ocrx_word' id='word_1_220' title='bbox 823 1984 1072 2049; x_wconf 77' lang='grc' dir='ltr'><strong><em>χαλεπῶς</em></strong></span> <span class='ocrx_word' id='word_1_221' title='bbox 1092 1976 1404 2050; x_wconf 80' lang='grc' dir='ltr'><strong><em>εὑρήσομεν</em></strong></span> <span class='ocrx_word' id='word_1_222' title='bbox 1436 1977 1758 2034; x_wconf 87' lang='grc' dir='ltr'><strong><em>πεπονθότα</em></strong></span> 
     </span>
     <span class='ocr_line' id='line_1_24' title="bbox 74 2055 1822 2133; baseline 0 -17"><span class='ocrx_word' id='word_1_223' title='bbox 74 2055 247 2117; x_wconf 82' lang='grc' dir='ltr'><strong><em>τᾶλλα</em></strong></span> <span class='ocrx_word' id='word_1_224' title='bbox 262 2067 365 2116; x_wconf 81' lang='grc' dir='ltr'><strong><em>τοῦ</em></strong></span> <span class='ocrx_word' id='word_1_225' title='bbox 381 2062 521 2131; x_wconf 87' lang='grc' dir='ltr'><strong><em>ἑνός,</em></strong></span> <span class='ocrx_word' id='word_1_226' title='bbox 538 2062 758 2131; x_wconf 77' lang='grc' dir='ltr'><strong><em>ἐπείπερ</em></strong></span> <span class='ocrx_word' id='word_1_227' title='bbox 773 2062 865 2117; x_wconf 83' lang='grc' dir='ltr'><strong><em>καὶ</em></strong></span> <span class='ocrx_word' id='word_1_228' title='bbox 880 2069 1052 2117; x_wconf 85' lang='grc' dir='ltr'><strong><em>ταῦτα</em></strong></span> <span class='ocrx_word' id='word_1_229' title='bbox 1068 2062 1246 2133; x_wconf 82' lang='grc' dir='ltr'><strong><em>ἐφάνη</em></strong></span> <span class='ocrx_word' id='word_1_230' title='bbox 1263 2061 1602 2117; x_wconf 88' lang='grc' dir='ltr'><strong><em>πεπονθότα.</em></strong></span> <span class='ocrx_word' id='word_1_231' title='bbox 1636 2058 1758 2131; x_wconf 89' lang='grc' dir='ltr'><strong><em>Ὀρ-</em></strong></span> <span class='ocrx_word' id='word_1_232' title='bbox 1788 2067 1822 2108; x_wconf 83' lang='grc' dir='ltr'>Β</span> 
     </span>
     <span class='ocr_line' id='line_1_25' title="bbox 75 2145 400 2213; baseline 0 -15"><span class='ocrx_word' id='word_1_233' title='bbox 75 2149 196 2208; x_wconf 76' lang='grc' dir='ltr'><strong><em>θῶς</em></strong></span> <span class='ocrx_word' id='word_1_234' title='bbox 214 2145 400 2213; x_wconf 74' lang='grc' dir='ltr'><strong><em>λέγεις.</em></strong></span> 
     </span>
    </p>

    <p class='ocr_par' dir='ltr' id='par_1_3' title="bbox 75 2222 1820 2870">
     <span class='ocr_line' id='line_1_26' title="bbox 218 2222 1757 2296; baseline -0.001 -15"><span class='ocrx_word' id='word_1_235' title='bbox 218 2230 393 2281; x_wconf 68' lang='lat' dir='ltr'>Uul.</span> <span class='ocrx_word' id='word_1_236' title='bbox 473 2223 704 2281; x_wconf 79' lang='grc' dir='ltr'><strong><em>Οὐκοῦν</em></strong></span> <span class='ocrx_word' id='word_1_237' title='bbox 740 2232 911 2281; x_wconf 86' lang='grc' dir='ltr'><strong><em>ταῦτα</em></strong></span> <span class='ocrx_word' id='word_1_238' title='bbox 946 2228 1048 2296; x_wconf 80' lang='grc' dir='ltr'><strong><em>μὲν</em></strong></span> <span class='ocrx_word' id='word_1_239' title='bbox 1078 2223 1182 2295; x_wconf 84' lang='grc' dir='ltr'><strong><em>ἤδη</em></strong></span> <span class='ocrx_word' id='word_1_240' title='bbox 1213 2227 1389 2295; x_wconf 78' lang='grc' dir='ltr'><strong><em>ἐῶμεν</em></strong></span> <span class='ocrx_word' id='word_1_241' title='bbox 1420 2222 1492 2290; x_wconf 83' lang='grc' dir='ltr'><strong><em>ὡς</em></strong></span> <span class='ocrx_word' id='word_1_242' title='bbox 1522 2224 1757 2295; x_wconf 89' lang='grc' dir='ltr'><strong><em>φανερά,</em></strong></span> 
     </span>
     <span class='ocr_line' id='line_1_27' title="bbox 80 2300 1759 2379; baseline 0 -17"><span class='ocrx_word' id='word_1_243' title='bbox 80 2309 463 2377; x_wconf 76' lang='grc' dir='ltr'><strong><em>ἐπισκοπῶμεν</em></strong></span> <span class='ocrx_word' id='word_1_244' title='bbox 491 2307 548 2363; x_wconf 77' lang='grc' dir='ltr'><strong><em>δὲ</em></strong></span> <span class='ocrx_word' id='word_1_245' title='bbox 579 2307 773 2379; x_wconf 89' lang='grc' dir='ltr'><strong><em>πάλιν,</em></strong></span> <span class='ocrx_word' id='word_1_246' title='bbox 812 2311 874 2363; x_wconf 82' lang='grc' dir='ltr'><strong><em>ἓν</em></strong></span> <span class='ocrx_word' id='word_1_247' title='bbox 905 2312 954 2362; x_wconf 86' lang='grc' dir='ltr'><strong><em>εἰ</em></strong></span> <span class='ocrx_word' id='word_1_248' title='bbox 979 2312 1155 2374; x_wconf 81' lang='grc' dir='ltr'><strong><em>ἔστιν,</em></strong></span> <span class='ocrx_word' id='word_1_249' title='bbox 1193 2300 1304 2377; x_wconf 84' lang='grc' dir='ltr'><strong><em>άρα</em></strong></span> <span class='ocrx_word' id='word_1_250' title='bbox 1330 2308 1423 2363; x_wconf 80' lang='grc' dir='ltr'><strong><em>καὶ</em></strong></span> <span class='ocrx_word' id='word_1_251' title='bbox 1452 2304 1552 2377; x_wconf 80' lang='grc' dir='ltr'><strong><em>οὐχ</em></strong></span> <span class='ocrx_word' id='word_1_252' title='bbox 1582 2305 1759 2370; x_wconf 81' lang='grc' dir='ltr'><strong><em>οὕτως</em></strong></span> 
     </span>
     <span class='ocr_line' id='line_1_28' title="bbox 77 2383 1756 2460; baseline 0.001 -19"><span class='ocrx_word' id='word_1_253' title='bbox 77 2392 184 2456; x_wconf 79' lang='grc' dir='ltr'><strong><em>ἔχει</em></strong></span> <span class='ocrx_word' id='word_1_254' title='bbox 201 2386 267 2442; x_wconf 82' lang='grc' dir='ltr'><strong><em>τὰ</em></strong></span> <span class='ocrx_word' id='word_1_255' title='bbox 288 2387 427 2443; x_wconf 77' lang='grc' dir='ltr'><strong><em>ἄλλα</em></strong></span> <span class='ocrx_word' id='word_1_256' title='bbox 447 2395 547 2442; x_wconf 87' lang='grc' dir='ltr'><strong><em>τοῦ</em></strong></span> <span class='ocrx_word' id='word_1_257' title='bbox 568 2387 691 2453; x_wconf 88' lang='grc' dir='ltr'><strong><em>ἑνὸς</em></strong></span> <span class='ocrx_word' id='word_1_258' title='bbox 707 2386 743 2459; x_wconf 80' lang='grc' dir='ltr'><strong><em>ἦ</em></strong></span> <span class='ocrx_word' id='word_1_259' title='bbox 760 2389 909 2445; x_wconf 78' lang='grc' dir='ltr'><strong><em>οὕτω</em></strong></span> <span class='ocrx_word' id='word_1_260' title='bbox 931 2389 1135 2460; x_wconf 80' lang='grc' dir='ltr'><strong><em>μόνον;</em></strong></span> <span class='ocrx_word' id='word_1_261' title='bbox 1169 2388 1332 2444; x_wconf 89' lang='grc' dir='ltr'><strong><em>Πάνυ</em></strong></span> <span class='ocrx_word' id='word_1_262' title='bbox 1352 2390 1454 2460; x_wconf 80' lang='grc' dir='ltr'><strong><em>μὲν</em></strong></span> <span class='ocrx_word' id='word_1_263' title='bbox 1472 2383 1591 2444; x_wconf 84' lang='grc' dir='ltr'><strong><em>οὖν.</em></strong></span> <span class='ocrx_word' id='word_1_264' title='bbox 1646 2391 1756 2444; x_wconf 86' lang='grc' dir='ltr'><strong><em>Λέ-</em></strong></span> 
     </span>
     <span class='ocr_line' id='line_1_29' title="bbox 75 2467 1756 2541; baseline 0.001 -18"><span class='ocrx_word' id='word_1_265' title='bbox 75 2489 262 2538; x_wconf 80' lang='grc' dir='ltr'><strong><em>γωμεν</em></strong></span> <span class='ocrx_word' id='word_1_266' title='bbox 281 2467 348 2538; x_wconf 76' lang='grc' dir='ltr'><strong><em>δὴ</em></strong></span> <span class='ocrx_word' id='word_1_267' title='bbox 369 2471 423 2533; x_wconf 78' lang='grc' dir='ltr'><strong><em>ἐξ</em></strong></span> <span class='ocrx_word' id='word_1_268' title='bbox 442 2467 638 2539; x_wconf 75' lang='grc' dir='ltr'><strong><em>ἀρχῆς,</em></strong></span> <span class='ocrx_word' id='word_1_269' title='bbox 659 2472 721 2524; x_wconf 69' lang='grc' dir='ltr'><strong><em>ἓν</em></strong></span> <span class='ocrx_word' id='word_1_270' title='bbox 741 2476 790 2526; x_wconf 81' lang='grc' dir='ltr'><strong><em>εἰ</em></strong></span> <span class='ocrx_word' id='word_1_271' title='bbox 806 2475 943 2540; x_wconf 79' lang='grc' dir='ltr'><strong><em>ἔστι,</em></strong></span> <span class='ocrx_word' id='word_1_272' title='bbox 964 2476 1020 2525; x_wconf 87' lang='grc' dir='ltr'><strong><em>τί</em></strong></span> <span class='ocrx_word' id='word_1_273' title='bbox 1032 2469 1134 2541; x_wconf 78' lang='grc' dir='ltr'><strong><em>χρὴ</em></strong></span> <span class='ocrx_word' id='word_1_274' title='bbox 1153 2470 1217 2525; x_wconf 79' lang='grc' dir='ltr'><strong><em>τά</em></strong></span> <span class='ocrx_word' id='word_1_275' title='bbox 1237 2468 1376 2526; x_wconf 74' lang='grc' dir='ltr'><strong><em>ἄλλα</em></strong></span> <span class='ocrx_word' id='word_1_276' title='bbox 1393 2476 1494 2527; x_wconf 87' lang='grc' dir='ltr'><strong><em>τοῦ</em></strong></span> <span class='ocrx_word' id='word_1_277' title='bbox 1515 2468 1639 2536; x_wconf 81' lang='grc' dir='ltr'><strong><em>ἑνὸς</em></strong></span> <span class='ocrx_word' id='word_1_278' title='bbox 1657 2490 1756 2525; x_wconf 88' lang='grc' dir='ltr'><strong><em>πε-</em></strong></span> 
     </span>
     <span class='ocr_line' id='line_1_30' title="bbox 75 2546 1757 2624; baseline 0.001 -18"><span class='ocrx_word' id='word_1_279' title='bbox 75 2553 362 2606; x_wconf 86' lang='grc' dir='ltr'><strong><em>πονθέναι.</em></strong></span> <span class='ocrx_word' id='word_1_280' title='bbox 406 2554 662 2620; x_wconf 78' lang='grc' dir='ltr'><strong><em>Αέγωμεν</em></strong></span> <span class='ocrx_word' id='word_1_281' title='bbox 679 2551 799 2620; x_wconf 82' lang='grc' dir='ltr'><strong><em>γάρ.</em></strong></span> <span class='ocrx_word' id='word_1_282' title='bbox 827 2547 942 2622; x_wconf 75' lang='lat' dir='ltr'><strong><em>&#39;Ap&#39;</em></strong></span> <span class='ocrx_word' id='word_1_283' title='bbox 967 2546 1072 2608; x_wconf 83' lang='grc' dir='ltr'><strong><em>οὖν</em></strong></span> <span class='ocrx_word' id='word_1_284' title='bbox 1090 2551 1159 2607; x_wconf 79' lang='grc' dir='ltr'><strong><em>οὐ</em></strong></span> <span class='ocrx_word' id='word_1_285' title='bbox 1178 2554 1342 2624; x_wconf 86' lang='grc' dir='ltr'><strong><em>χωρὶς</em></strong></span> <span class='ocrx_word' id='word_1_286' title='bbox 1360 2554 1462 2624; x_wconf 78' lang='grc' dir='ltr'><strong><em>μὲν</em></strong></span> <span class='ocrx_word' id='word_1_287' title='bbox 1482 2550 1542 2608; x_wconf 82' lang='grc' dir='ltr'><strong><em>τὸ</em></strong></span> <span class='ocrx_word' id='word_1_288' title='bbox 1562 2554 1625 2608; x_wconf 77' lang='grc' dir='ltr'><strong><em>ἓν</em></strong></span> <span class='ocrx_word' id='word_1_289' title='bbox 1644 2558 1757 2607; x_wconf 74' lang='grc' dir='ltr'><strong><em>τῶν</em></strong></span> 
     </span>
     <span class='ocr_line' id='line_1_31' title="bbox 77 2626 1756 2706; baseline -0.001 -19"><span class='ocrx_word' id='word_1_290' title='bbox 77 2631 294 2702; x_wconf 73' lang='grc' dir='ltr'><strong><em>ἄλλων,</em></strong></span> <span class='ocrx_word' id='word_1_291' title='bbox 337 2634 499 2703; x_wconf 79' lang='grc' dir='ltr'><strong><em>χωρὶς</em></strong></span> <span class='ocrx_word' id='word_1_292' title='bbox 529 2635 586 2687; x_wconf 79' lang='grc' dir='ltr'><strong><em>δὲ</em></strong></span> <span class='ocrx_word' id='word_1_293' title='bbox 617 2626 788 2688; x_wconf 81' lang='grc' dir='ltr'><strong><em>τᾶλλα</em></strong></span> <span class='ocrx_word' id='word_1_294' title='bbox 817 2639 918 2688; x_wconf 65' lang='lat' dir='ltr'><strong><em>eoo</em></strong></span> <span class='ocrx_word' id='word_1_295' title='bbox 947 2633 1071 2700; x_wconf 83' lang='grc' dir='ltr'><strong><em>ἑνὸς</em></strong></span> <span class='ocrx_word' id='word_1_296' title='bbox 1090 2633 1258 2701; x_wconf 83' lang='grc' dir='ltr'><strong><em>εἶναι;</em></strong></span> <span class='ocrx_word' id='word_1_297' title='bbox 1302 2641 1372 2691; x_wconf 89' lang='grc' dir='ltr'><strong><em>Τί</em></strong></span> <span class='ocrx_word' id='word_1_298' title='bbox 1386 2634 1455 2706; x_wconf 80' lang='grc' dir='ltr'><strong><em>δή</em></strong></span> <span class='ocrx_word' id='word_1_299' title='bbox 1471 2658 1483 2698; x_wconf 89' lang='lat'><strong>;</strong></span> <span class='ocrx_word' id='word_1_300' title='bbox 1506 2632 1625 2691; x_wconf 69' lang='grc' dir='ltr'><strong><em>1’Ότι</em></strong></span> <span class='ocrx_word' id='word_1_301' title='bbox 1646 2653 1756 2688; x_wconf 92' lang='grc' dir='ltr'><strong><em>που</em></strong></span> 
     </span>
     <span class='ocr_line' id='line_1_32' title="bbox 77 2713 1755 2788; baseline 0 -18"><span class='ocrx_word' id='word_1_302' title='bbox 77 2713 183 2770; x_wconf 78' lang='grc' dir='ltr'><strong><em>οὐκ</em></strong></span> <span class='ocrx_word' id='word_1_303' title='bbox 211 2719 322 2770; x_wconf 73' lang='grc' dir='ltr'><strong><em>ἔστι</em></strong></span> <span class='ocrx_word' id='word_1_304' title='bbox 352 2713 500 2783; x_wconf 75' lang='grc' dir='ltr'><strong><em>παρὰ</em></strong></span> <span class='ocrx_word' id='word_1_305' title='bbox 531 2721 703 2770; x_wconf 82' lang='grc' dir='ltr'><strong><em>ταῦτα</em></strong></span> <span class='ocrx_word' id='word_1_306' title='bbox 731 2716 950 2786; x_wconf 77' lang='grc' dir='ltr'><strong><em>ἕτερον,</em></strong></span> <span class='ocrx_word' id='word_1_307' title='bbox 986 2714 1019 2773; x_wconf 78' lang='grc' dir='ltr'>ὃ</span> <span class='ocrx_word' id='word_1_308' title='bbox 1046 2716 1181 2773; x_wconf 73' lang='grc' dir='ltr'><strong><em>ἄλλο</em></strong></span> <span class='ocrx_word' id='word_1_309' title='bbox 1213 2719 1313 2788; x_wconf 83' lang='grc' dir='ltr'><strong><em>μέν</em></strong></span> <span class='ocrx_word' id='word_1_310' title='bbox 1341 2718 1455 2772; x_wconf 80' lang='grc' dir='ltr'><strong><em>ἐστι</em></strong></span> <span class='ocrx_word' id='word_1_311' title='bbox 1486 2720 1587 2770; x_wconf 85' lang='grc' dir='ltr'><strong><em>τοῦ</em></strong></span> <span class='ocrx_word' id='word_1_312' title='bbox 1617 2713 1755 2782; x_wconf 81' lang='grc' dir='ltr'><strong><em>ἑνός,</em></strong></span> 
     </span>
     <span class='ocr_line' id='line_1_33' title="bbox 78 2794 1820 2870; baseline 0 -19"><span class='ocrx_word' id='word_1_313' title='bbox 78 2794 214 2852; x_wconf 71' lang='grc' dir='ltr'><strong><em>ἄλλο</em></strong></span> <span class='ocrx_word' id='word_1_314' title='bbox 236 2796 293 2852; x_wconf 77' lang='grc' dir='ltr'><strong><em>δὲ</em></strong></span> <span class='ocrx_word' id='word_1_315' title='bbox 310 2803 424 2852; x_wconf 80' lang='grc' dir='ltr'><strong><em>τῶν</em></strong></span> <span class='ocrx_word' id='word_1_316' title='bbox 442 2798 541 2852; x_wconf 77' lang='grc' dir='ltr'><strong><em>ἄλλ</em></strong></span> <span class='ocrx_word' id='word_1_317' title='bbox 553 2819 640 2853; x_wconf 80' lang='grc' dir='ltr'><strong><em>ων.</em></strong></span> <span class='ocrx_word' id='word_1_318' title='bbox 698 2798 877 2854; x_wconf 86' lang='grc' dir='ltr'><strong><em>πάντα</em></strong></span> <span class='ocrx_word' id='word_1_319' title='bbox 895 2796 1001 2870; x_wconf 76' lang='grc' dir='ltr'><strong><em>γὰρ</em></strong></span> <span class='ocrx_word' id='word_1_320' title='bbox 1022 2807 1256 2870; x_wconf 72' lang='grc' dir='ltr'><strong><em>εἴρηται,</em></strong></span> <span class='ocrx_word' id='word_1_321' title='bbox 1294 2797 1430 2854; x_wconf 85' lang='grc' dir='ltr'><strong><em>ὅταν</em></strong></span> <span class='ocrx_word' id='word_1_322' title='bbox 1449 2800 1599 2870; x_wconf 72' lang='grc' dir='ltr'><strong><em>ῥηθῇ</em></strong></span> <span class='ocrx_word' id='word_1_323' title='bbox 1617 2796 1679 2853; x_wconf 91' lang='grc' dir='ltr'><strong><em>τό</em></strong></span> <span class='ocrx_word' id='word_1_324' title='bbox 1699 2817 1757 2852; x_wconf 86' lang='grc' dir='ltr'><strong><em>τε</em></strong></span> <span class='ocrx_word' id='word_1_325' title='bbox 1788 2808 1820 2850; x_wconf 83' lang='lat' dir='ltr'>G</span> 
     </span>
    </p>
   </div>
  </div>
 </body>
</html>
