2028 3198
72 174 99 221 7
643 160 1176 210 ΣΤΜΠΟΣΙΟΝ.
1651 154 1753 207 145

70 302 144 371 μὴ
175 302 265 356 διὰ
294 301 472 371 μέθης
497 295 838 368 ποιήσασθαι
863 293 967 364 τὴν
994 295 1055 348 ἐν
1075 299 1151 367 τῷ
1171 292 1406 361 παρόντι
1427 310 1750 363 συνουσιαν,

72 382 192 438 ἀλλ’
218 380 366 437 οὕτω
386 386 647 444 πίνοντας
662 375 803 447 πρὸς
820 374 1047 447 ἡδονήν.
1300 400 1306 403 -

212 469 277 520 V.
345 458 559 531 Ἐπειδὴ
588 465 811 529 τοίνυν,
849 457 1027 528 φάναι
1054 455 1153 512 τὸν
1166 454 1550 530 Ἐρυξίμαχον,
1586 465 1751 515 τοῦτο

68 547 171 616 μὲν
191 547 471 612 δέδοκται,
490 547 673 597 πίνειν
692 539 831 597 ὅσον
850 562 922 595 αν
940 541 1168 605 ἕκαστος
1183 541 1482 612 βούληται,
1508 541 1754 613 ἐπάναγν

68 649 159 693 κες
178 626 238 684 δε
256 626 429 698 μηδὲν
449 624 605 695 εἶναι,
624 622 686 680 τὸ
709 621 841 694 μετὰ
862 629 1025 678 τοῦτο
1047 627 1372 694 εἰσηγοῦμαι
1391 622 1494 695 τὴν
1513 624 1663 696 μὲν”
1630 645 1753 697 αρτι

69 715 435 767 εἰσελθοῦσαν
466 706 767 778 αὐλητρίδα
797 712 1007 776 χαίρειν
1035 707 1164 778 έᾷν,
1204 703 1492 761 αὐλοῦσαν
1521 708 1686 779 ἑαυτῇ
1716 702 1754 778 ἢ

71 790 143 849 ἄν
166 791 433 864 βούληται
460 802 578 855 ταῖς
604 791 818 860 γυναιξι
847 798 962 853 ταῖς
983 791 1174 857 ἔνδον,
1215 785 1359 859 ἡμᾶς
1377 787 1436 844 δὲ
1456 787 1546 843 δια
1569 789 1752 858 λόγων

70 876 327 947 ἀλλήλοις
358 885 607 929 συνεῖναι
639 871 698 926 τὸ
737 872 1000 942 τήμερον
1039 872 1130 925 καὶ
1167 868 1241 924 δι’
1284 873 1418 925 οἴων
1456 870 1666 941 λόγων,
1706 877 1756 926 εί

67 959 372 1031 βούλεσθε,
409 958 587 1012 ἐθέλω
617 952 750 1024 ὑμῖν
779 954 1193 1025 εἰσηγήσασθαι.
1250 953 1434 1008 Φάναι
1453 953 1521 1025 δὴ
1542 953 1753 1019 πάντας
1785 962 1865 1010 177

69 1042 196 1111 [καὶ]
228 1039 535 1113 βούλεσθαι
569 1037 660 1092 καὶ
691 1036 937 1091 κελεύειν
966 1034 1139 1092 αὐτὸν
1169 1040 1522 1107 εἰσηγεῖσθαι.
1579 1041 1751 1092 εἰπεῖν

66 1115 174 1177 οὖν
202 1122 301 1177 τὸν
328 1120 680 1190 Ἐρυξίμαχον
708 1116 794 1174 ὅτι
817 1116 883 1173 Ἡ
907 1122 1008 1190 μέν
1037 1141 1130 1191 μοι
1161 1118 1297 1192 ἀρχὴ
1328 1126 1430 1175 τοῦ
1448 1118 1620 1189 λόγου
1640 1120 1749 1174 ἐστὶ

67 1203 204 1260 κατὰ
234 1203 337 1275 τὴν
355 1199 666 1272 Εὐριπίδου
694 1206 1068 1273 Μελανίππην
1083 1225 1094 1234 ·
1129 1201 1199 1258 οὐ
1225 1200 1332 1272 γὰρ
1352 1199 1480 1273 έμὸς
1498 1198 1527 1257 ὁ
1549 1207 1749 1272 μῦθος,

68 1284 206 1342 α’λλά
230 1289 482 1355 Φαίδρου
501 1287 692 1353 τοῦδε,
713 1282 781 1338 ὃν
800 1286 979 1354 μέλλω
1000 1288 1195 1355 λέγειν.
1234 1287 1475 1355 Φαῖδρος
1492 1282 1601 1355 γὰρ
1621 1285 1751 1340 ἑκά-

0 1412 8 1422 ..
67 1388 221 1426 στοτε
243 1368 383 1439 πρός
397 1390 463 1439 με
484 1366 813 1437 ἀγανακτῶν
826 1368 970 1436 λέγει
993 1365 1078 1423 Οὐ
1097 1367 1301 1439 δεινόν,
1323 1373 1512 1439 φησίν,
1535 1389 1576 1422 ω
1596 1366 1751 1438 Ἐρυ-

68 1459 280 1524 ξίμαχε,
321 1451 510 1515 αλλοις
539 1452 641 1521 μέν
672 1467 779 1504 τισι
807 1456 962 1505 θεῶν
995 1448 1207 1521 ὕμνους
1234 1453 1323 1505 καὶ
1344 1456 1592 1514 παιῶνας
1612 1447 1751 1505 εἶναι

69 1534 172 1591 ὑπὸ
195 1541 308 1590 τῶν
327 1539 572 1605 ποιητῶν
592 1537 1021 1604 πεποιημένους.
1041 1537 1118 1606 τῷ
1139 1532 1197 1587 δὲ
1202 1531 1425 1604 Ἔρωτι
1447 1531 1751 1607 τηλικούτῳ

66 1619 187 1676 ὄντι
219 1621 308 1675 καὶ
338 1617 586 1691 τοσούτω
607 1623 750 1689 θεῶ,
771 1616 959 1686 μηδε”
927 1636 988 1670 εν
992 1637 1025 1669 α
1046 1614 1263 1670 πώποτε
1281 1615 1567 1671 τοσούτων
1586 1636 1749 1686 γεγο-
1778 1630 1809 1670 Β

71 1701 248 1757 νότων
280 1707 524 1771 ποιητῶν
554 1702 911 1769 πεποιηκέναι
940 1698 1114 1769 μηδεν
1132 1698 1430 1770 ἐγκώμιον·
1468 1703 1517 1755 εί
1534 1698 1593 1755 δε
1612 1698 1751 1770 βού-

70 1791 148 1840 λει
180 1776 253 1837 αὖ
282 1785 595 1847 σκέψασθαι
625 1780 755 1847 τούς
783 1778 1055 1853 χρηστοὺς
1089 1781 1383 1853 σοφιστάς,
1414 1778 1751 1852 ‘Homul-dove

64 1867 167 1937 μὲν
187 1866 275 1921 καὶ
295 1862 480 1920 ἄλλων
500 1867 759 1929 ἐπαίνους
778 1862 1162 1933 καταλογάδην
1182 1863 1539 1935 ξυγγράφειν,
1563 1863 1749 1931 ὥσπερ

0 1968 3 1974 ’
65 1946 94 2002 ὁ
125 1950 404 2019 βέλτιστος
423 1945 722 2015 Πρόδικος·
760 1947 850 2002 καὶ
878 1951 1042 2001 τοῦτο
1073 1945 1173 2016 μὲν
1199 1937 1367 2017 ἧττον
1398 1947 1490 2003 καὶ
1525 1953 1751 2018 θαυμα-

4 2063 21 2106 ¹,
65 2029 227 2098 στόν,
264 2025 385 2084 ἀλλ’
420 2031 590 2098 ἔγωγε
610 2028 714 2100 ἤδη
734 2031 838 2084 τινὶ
858 2029 1117 2099 ἐνέτυχον
1135 2035 1358 2103 βιβλίῳ,
1398 2032 1459 2086 έν
1480 2023 1527 2101 ᾤ
1547 2033 1752 2100 ἐνῆσαν
1827 2040 1831 2051 “

63 2110 190 2176 ἅλες
209 2115 439 2167 ἔπαινον
456 2111 780 2183 θαυμάσιον
799 2116 1012 2183 ἔχοντες
1030 2112 1168 2182 πρὸς
1190 2110 1480 2182 ὠφέλειαν,
1503 2115 1591 2167 καὶ
1612 2109 1751 2166 ἅλλα

68 2198 293 2249 τοιαῦτα
323 2190 499 2263 συχνά
533 2196 671 2259 ἴδοις
701 2189 773 2249 ἂν
802 2197 1307 2266 ἐγκεκωμιασμένα·
1340 2194 1401 2249 τὸ
1438 2187 1543 2250 οὖν
1563 2193 1757 2261 τοιού-,κ’
1781 2200 1818 2260 β]

12 2309 20 2315 -
64 2297 174 2331 των
214 2276 317 2346 μὲν
355 2278 478 2343 πέρι
514 2273 729 2346 πολλὴν
766 2276 1020 2348 σπουδὴν
1057 2277 1428 2348 ποιήσασθαι,
1448 2274 1662 2346 Ἔρωτα
1692 2275 1748 2331 δὲ

62 2360 272 2430 μηδένα
304 2377 388 2412 πω
409 2354 732 2427 ἀνθρώπων
750 2364 1136 2431 τετολμηκέναι
1157 2364 1232 2425 εἰς
1249 2359 1477 2430 ταυτηνὶ
1495 2355 1598 2430 τὴν
1617 2354 1750 2429 ἡμέ-

66 2462 173 2507 ραν
192 2437 355 2505 ἀξίως
375 2437 617 2510 ὑμνῆσαι
630 2482 645 2510 ,
685 2438 807 2496 ἀλλ’
829 2440 1006 2507 οὕτως
1025 2441 1288 2514 ἠμέληται
1307 2446 1571 2506 τοσοῦτος
1589 2440 1748 2505 θεός;

62 2527 234 2577 ταῦτα
267 2521 335 2592 δή
356 2542 449 2592 μοι
467 2524 624 2577 δοκεῖ
638 2514 703 2578 εὖ
721 2527 902 2592 λέγειν
923 2528 1178 2594 Φαῖδρος.
1235 2523 1342 2596 ἐγὼ
1362 2516 1468 2580 οὖν
1490 2525 1748 2593 ἐπιθυμῶ

61 2601 173 2675 ἅμα
193 2604 295 2675 μὲν
313 2604 490 2677 τούτῳ
513 2608 713 2674 ἔρανον
731 2609 1061 2678 εἰσενεγκεῖν
1079 2609 1167 2665 καὶ
1184 2611 1538 2680 χαρίσασθαι,
1560 2603 1671 2675 ἅμα
1693 2603 1745 2659 δ’

62 2688 125 2742 ἐν
150 2692 225 2742 τῶ
258 2686 491 2756 παρόντι
522 2688 734 2756 πρέπον
764 2710 855 2758 μοι
884 2692 1038 2747 δοκεῖ
1062 2688 1203 2747 εἶναι
1222 2687 1355 2762 ἡμῖν
1374 2700 1486 2754 τοῖς
1506 2694 1745 2758 παροῦσι

63 2776 333 2841 κοσμῆσαι
350 2768 452 2825 τὸν
469 2770 626 2826 θεόν.
683 2774 735 2826 εί
751 2791 858 2826 ουν
875 2774 1129 2838 ξυνδοκεῖ
1146 2774 1236 2829 καὶ
1258 2770 1392 2844 ὑμῖν
1406 2814 1419 2840 ,
1445 2767 1650 2842 γένοιτ’
1673 2764 1747 2824 ἄν
1776 2781 1808 2823 Ι)

67 2845 192 2920 ἡμῖν
205 2854 271 2973 ἐν
291 2853 473 2977 λόγῖιιις
492 2851 651 2924 ἱκανὴ
676 2854 953 2926 διατριβή·
993 2858 1149 2911 δοκεῖ
1159 2856 1264 2925 γάρ
1284 2876 1377 2925 μοι
1398 2858 1591 2925 χρῆναι
1617 2853 1747 2908 ἕκα-

0 2963 4 3198 >
224 2933 355 2975 ἰΛτο
