2028 3198
12 75 53 151 (
113 94 172 142 -ιι
252 58 257 61 ’
461 86 1014 136 ΑΛΚΙΒῙΑΔΗΣ
1044 86 1463 135 ΔΕΥΤΕΡΟΣ.
1697 83 1799 135 341

22 213 38 242 ”
117 219 308 292 ὀλίγον
326 219 591 291 ἐπισχών,
620 218 758 288 ὅπερ
779 220 870 275 καὶ
890 216 963 274 σύ
981 222 1188 290 ἔλεγες,
1219 223 1534 295 παλινῳδῇ,
1565 217 1802 291 ἄνευχό-

117 324 284 374 μενος
303 300 422 358 ἅττ’
444 299 518 357 ἂν
536 299 596 357 τὸ
617 307 839 370 πρῶτον
861 299 1093 371 εὔξηται.

258 390 382 441 ΣΩ.
436 378 552 453 Ἆρ’
586 377 695 438 οὖν
723 381 844 453 οὐχὶ
871 381 1031 448 εἰδώς
1059 407 1110 439 τι
1140 388 1310 441 πλέον
1326 382 1486 457 ἡμῶν
1505 383 1534 442 ὁ
1557 383 1800 456 ποιητής,

117 461 190 524 οὗ
205 469 296 524 καὶ
315 469 377 523 ἐν
395 465 538 539 ἀρχῇ
565 471 668 521 τοῦ
698 465 868 534 λόγου
899 467 1287 539 ἐπεμνήσθην,
1325 465 1392 524 τὰ
1423 467 1576 524 δεινὰ
1594 469 1686 523 καὶ
1708 464 1803 523 εὐω

114 551 365 622 χομένοις
382 547 671 615 ἄπαλέξειν
691 550 971 614 ἐκέλευεν,

255 639 374 689 ΑΛ.
415 631 637 702 Ἔμοιγε
659 635 823 687 δοκεῖ.

255 721 381 772 ΣΩ.
441 719 654 770 Τοῦτον
673 712 775 784 μὲν
794 718 1015 777 τοίνυν,
1056 707 1100 767 ὦ
1131 713 1472 785 Ἀλκιβιάδη,
1511 715 1601 770 καὶ
1618 718 1801 769 Λακε-

118 799 393 871 δαιμόνιοι
410 797 510 853 τὸν
529 793 764 866 ποιητὴν
782 795 1135 867 ἐζηλωκότες,
1180 804 1285 852 εἴτε
1314 798 1406 852 καὶ
1435 796 1592 852 αὐτοὶ
1623 795 1800 862 οὕτως
1832 806 1862 848 G

115 883 533 952 ἐπεσκεμμένοι,
573 882 683 951 ἰδίᾳ
719 878 809 932 καὶ
847 880 1081 950 δημοσίᾳ
1119 878 1377 933 ἑκάστοτε
1415 885 1802 950 παραπλησίαν

115 962 286 1034 εὐχὴν
323 962 578 1033 εὔχονται
591 1003 605 1029 ,
642 961 708 1015 τὰ
745 958 886 1015 καλὰ
925 961 1011 1015 ἐπὶ
1047 972 1159 1024 τοῖς
1196 958 1429 1030 ἀγαθοῖς
1466 958 1596 1025 τούς
1631 958 1804 1024 θεοὺς

116 1046 331 1103 διδόναι
348 1045 667 1109 κελεύοντες
686 1038 758 1099 αὖ
780 1050 971 1114 σφίσιν
992 1041 1178 1107 αὐτοῖς
1192 1065 1202 1074 ·
1245 1052 1437 1099 πλεῖον
1457 1042 1511 1098 δ’
1533 1042 1713 1108 οὐδεὶς
1732 1039 1804 1098 ἂν

114 1132 342 1186 ἐκείνων
370 1127 687 1200 εὐξαμένων
714 1126 982 1183 ἀκούσειε.
1022 1133 1321 1196 τοιγαροῦν
1351 1131 1425 1191 είς
1454 1123 1516 1180 τό
1550 1133 1804 1196 παρῆκον

115 1219 219 1268 τοῦ
244 1212 452 1283 χρόνου
482 1209 730 1266 οὐδένων
760 1203 927 1281 ἦττον
948 1207 1191 1278 εὐτυχεῖς
1222 1209 1361 1263 εἰσὶν
1396 1205 1714 1277 ἅνθρωποι·
1755 1212 1805 1262 εί

115 1294 169 1352 δ’
206 1295 315 1366 ἄρα
345 1297 437 1351 καὶ
466 1298 810 1366 ξυμβέβηκεν
839 1296 1024 1356 αὐτοῖς
1058 1290 1196 1346 ὥστε
1227 1292 1300 1362 μὴ
1333 1291 1513 1346 πάντα
1535 1288 1800 1361 εὐτυχεῖν,

114 1377 236 1436 ἀλλ’
261 1373 367 1435 οὖν
386 1378 456 1435 οὐ
476 1378 563 1434 διὰ
583 1376 686 1448 τὴν
701 1379 929 1433 ἐκείνων
947 1374 1116 1445 εὐχήν
1129 1396 1140 1406 ·
1163 1376 1247 1430 ἐπὶ
1263 1386 1374 1438 τοῖς
1393 1382 1546 1439 θεοῖς
1561 1371 1611 1429 δ’
1639 1375 1799 1444 ἐστίν,

116 1461 283 1527 ὥστε,
326 1460 503 1532 οἶμαι,
540 1461 630 1515 καὶ
652 1459 867 1515 διδόναι
897 1456 1014 1513 ἅττ’
1051 1457 1123 1512 ἄν
1142 1479 1220 1522 τις
1241 1454 1538 1528 εὐχόμενος
1556 1456 1801 1529 τυγχάνῃ
1832 1470 1866 1510 D

114 1546 204 1600 καὶ
222 1542 485 1600 τάναντία
507 1543 736 1598 τούτων.

254 1631 360 1681 xll.
438 1626 721 1695 Βούλομαι
759 1628 821 1678 δέ
856 1640 943 1678 σοι
979 1626 1068 1678 καὶ
1109 1624 1301 1693 ἕτερόν
1329 1647 1379 1679 τι
1409 1623 1798 1695 διηγήσασθαι,

113 1710 146 1766 ὅ
176 1731 306 1765 ποτε
335 1708 548 1779 ἤκουσα
576 1713 688 1762 τῶν
718 1708 1109 1778 πρεσβυτέρων
1142 1712 1337 1776 τινῶν,
1382 1704 1453 1771 ὡς
1489 1705 1800 1777 Ἀθηναίοις

112 1794 204 1849 καὶ
231 1795 687 1863 Λακεδαιμονίοις
717 1794 988 1859 διαφορᾶς
1022 1793 1321 1860 γενομένης
1357 1793 1681 1862 ξυνέβαινεν
1717 1789 1798 1845 ἀεὶ

112 1882 180 1947 τῇ
214 1875 370 1930 πόλει
405 1872 564 1945 ἡμῶν
602 1871 742 1928 ὥστε
776 1875 867 1928 καὶ
897 1870 1034 1927 κατὰ
1064 1878 1172 1943 γῆν
1202 1875 1292 1928 καὶ
1322 1872 1460 1928 κατὰ
1492 1873 1796 1944 θάλατταν,

110 1955 276 2014 ὁπότε
305 1957 447 2028 μα’χη
478 1958 720 2026 γένοιτο,
761 1958 1053 2025 δυστυχεῖν
1081 1957 1173 2011 καὶ
1212 1958 1482 2026 μηδέποτε
1520 1957 1797 2011 δύνασθαι

112 2046 379 2111 κρατῆσαι
393 2062 403 2071 ·
428 2039 557 2104 τούς
575 2032 681 2094 οὖν
695 2036 1028 2109 Ἀθηναίους
1049 2036 1501 2107 ἀγανακτοῦντας
1521 2045 1597 2112 τῷ
1618 2038 1798 2109 πράγ-

111 2144 240 2192 ματι
267 2123 356 2177 καὶ
386 2120 835 2192 ἀπορουμένους,
874 2125 982 2175 τίνι
1011 2118 1112 2191 χρὴ
1135 2127 1352 2192 μηχανῇ
1369 2126 1483 2176 τῶν
1502 2120 1798 2191 παρόντων

112 2209 302 2260 κακῶν
330 2201 655 2274 ἀποτροπὴν
686 2201 898 2272 εὑρεῖν,
938 2204 1366 2273 βουλευομένοις
1394 2200 1580 2267 αὐτοῖς
1612 2206 1796 2259 δοκεῖν
1831 2219 1861 2260 Ε

110 2287 406 2357 κράτιστον
435 2285 573 2342 εἶναι
601 2290 918 2357 πέμψαντας
949 2283 1086 2353 πρὸς
1114 2284 1379 2355 ’Ἄμμωνα
1417 2286 1631 2340 ἐκεῖνον
1670 2287 1796 2342 έπε-

22 2443 26 2448 ⁴
111 2377 322 2442 ρωτᾷν·
342 2373 419 2423 ἔτι
438 2369 497 2424 δὲ
516 2367 654 2437 πρὸς
672 2369 888 2432 τούτοις
907 2367 1035 2423 τάδε
1048 2410 1060 2430 ,
1098 2369 1187 2424 καὶ
1208 2365 1346 2423 ἀνθ’
1368 2365 1501 2423 ὅτου
1519 2372 1794 2424 Λακεδαι-

20 2465 29 2508 t
111 2457 322 2523 μονίοις
341 2454 398 2507 οἱ
411 2453 536 2507 θεοὶ
555 2457 769 2522 μᾶλλον
789 2457 950 2522 νίκην
980 2450 1231 2505 διδόασιν
1249 2445 1285 2521 ἦ
1305 2454 1496 2520 σφίσιν
1517 2448 1718 2521 αὐτοῖς,
1742 2457 1797 2507 οἳ

25 2580 34 2603 ,Ι
110 2539 390 2603 πλείστας,
428 2532 629 2603 φάναι,
667 2533 769 2603 μὲν
797 2538 1001 2598 θυσίας
1030 2535 1119 2590 καὶ
1150 2537 1444 2598 καλλίστας
1472 2539 1585 2588 τῶν
1603 2530 1794 2604 Ἐλλή-

25 2609 34 2643 Ῑ
110 2639 228 2673 νων
255 2615 493 2687 ἄγομεν,
523 2613 853 2686 ἀναθήμασί
866 2637 922 2671 τε
942 2616 1362 2688 κεκοσμήκαμεν
1381 2614 1447 2671 τὰ
1468 2612 1588 2684 ἱερὰ
1609 2616 1795 2672 αὐτῶν

31 2708 34 2713 “
110 2696 185 2765 ὥς
205 2697 428 2763 οὐδένες
448 2698 634 2768 ἄλλοι,
675 2698 894 2770 πομπάς
914 2721 971 2755 τε
991 2698 1460 2780 πολυτελεστάτας
1481 2700 1572 2754 καὶ
1593 2716 1796 2770 σεμνο-

108 2779 272 2846 τάτας
301 2781 664 2853 ἐδωρούμεθα
695 2792 807 2846 τοῖς
833 2789 985 2847 θεοῖς
1016 2778 1108 2836 ἀν’
1138 2782 1372 2837 ἕκαστον
1390 2784 1534 2853 ἔτος,
1573 2784 1661 2837 καὶ
1681 2784 1794 2839 ἐτε-
