2028 3198
1 0 34 35 r
100 0 138 11 “’
240 19 257 27 »

12 53 27 60 ·
687 94 1087 144 ΦΙΛΗΒΟΣ.
1631 93 1710 147 ’91

0 228 93 302 ιμὴ
132 227 322 300 ὀρθῶς
348 228 572 302 ἥδηται,
606 228 672 284 τό
700 248 765 299 γε
792 226 967 292 ὄντως
994 225 1232 298 ἥδεσθαι
1262 230 1434 299 δῆλον
1455 250 1529 295 ως
1548 225 1712 285 οὐδέ-

0 332 150 368 ,ποτε
170 309 378 368 ἀπολεῖ.

159 398 328 449 ΠΡΩ.
385 398 529 462 Ναί,
549 393 642 447 καὶ
659 388 827 447 τοῦθ’
850 389 1028 455 οὕτως
1045 394 1167 460 ἔχει.

162 480 287 532 ΣΩ.
348 480 440 548 Τῷ
477 474 607 530 ποτὲ
645 466 753 528 οὖν
784 469 851 543 δὴ
883 472 1072 545 τρόπῳ
1112 472 1244 538 δόξα
1281 473 1491 545 ψευδής
1523 482 1584 529 τέ
1616 475 1708 530 καὶ

0 556 236 631 ’,ἀληθὴς
263 557 397 629 ἡμῖν
425 563 579 628 φιλεῖ
601 562 924 627 γίγνεσθαι,
960 552 1020 611 τὸ
1064 555 1124 611 δὲ
1162 563 1257 626 τῆς
1292 554 1496 628 ἡδονῆς
1528 557 1708 629 μόνον

19 639 257 712 ἀληθές,
289 638 536 705 δοξάζειν
563 636 616 693 δ’
648 636 824 702 ὄντως
851 638 942 693 καὶ
969 642 1181 708 χαίρειν
1199 635 1486 708 ἀμφότερα
1504 637 1707 711 ὁμοίως

18 730 273 794 εἶληφεν;

158 809 327 860 ΠΡΩ.
383 804 683 860 Σκεπτέον.

159 891 283 942 ΣΩ.
334 879 452 956 Ἆρ’
488 883 572 941 ὅτι
601 884 731 958 δόξῃ
760 884 864 956 μὲν
892 886 1284 954 ἐπιγίγνεσθον
1311 885 1518 951 ψεῦδός
1535 906 1594 940 τε
1613 887 1704 940 καὶ

39 964 252 1038 ’ληθές,
289 969 382 1022 καὶ
408 969 624 1037 ἐγένετο
655 965 724 1021 οὐ
752 966 931 1037 μόνον
960 966 1093 1032 δόξα
1122 966 1212 1022 διὰ
1240 974 1413 1022 ταῦτα
1443 965 1582 1024 ἀλλὰ
1613 970 1704 1023 καὶ
1735 985 1764 1026 C

20 1050 151 1105 ποιά
170 1070 251 1114 τις
270 1049 525 1119 ἑκατέρα,
549 1050 815 1103 σκεπτέον
833 1046 943 1119 φῂς
961 1046 1111 1104 τοῦτ’
1137 1048 1303 1116 εἴναι;

157 1134 328 1186 ΠΡΩ.
379 1135 508 1187 Ναί.

158 1217 283 1269 ΣΩ.
339 1212 491 1282 Πρὸς
510 1215 573 1269 δέ
586 1234 649 1283 γε
667 1213 909 1283 τούτοις,
942 1218 993 1268 εί
1010 1215 1101 1269 καὶ
1118 1212 1178 1270 τὸ
1202 1213 1618 1292 παράπανὴμῖν
1637 1213 1702 1269 τὰ

17 1300 122 1368 μέν
147 1299 261 1351 ἐστι
290 1293 400 1351 ποῖ’
436 1294 598 1365 ἅττα,
634 1292 811 1365 ἡδονὴ
841 1293 901 1350 δὲ
927 1296 1018 1350 καὶ
1046 1295 1193 1366 λύπη
1213 1296 1392 1366 μόνον
1410 1293 1550 1365 ἅπερ
1570 1299 1700 1365 ἐστί,

17 1377 163 1434 ποιῶ
181 1397 293 1432 τινε
314 1377 372 1433 δὲ
393 1374 463 1432 οὐ
481 1383 801 1447 γίγνεσθον,
824 1378 914 1432 καὶ
934 1374 1093 1432 ταῦθ’
1113 1374 1246 1448 ἡμῖν
1262 1379 1700 1450 διομολογητέον.

157 1463 327 1517 ΠΡΩ.
382 1464 591 1529 Δῆλον.

159 1545 283 1596 ΣΩ.
350 1538 494 1596 Ἀλλ’
534 1539 703 1596 οὐδὲν
737 1542 903 1596 τοῦτό
940 1562 1002 1611 γε
1028 1539 1269 1611 χαλεπὸν
1296 1544 1463 1611 ἰδεῖν,
1497 1539 1583 1597 ὅτι
1612 1542 1703 1596 καὶ

17 1621 159 1676 ποιῶ
176 1642 304 1675 τινε.
345 1621 515 1676 πάλαι
532 1619 640 1692 γὰρ
669 1628 910 1692 εἴπομεν,
943 1620 1028 1676 ὅτι
1045 1622 1276 1692 μεγάλαι
1293 1644 1351 1678 τε
1369 1625 1459 1679 καὶ
1480 1625 1703 1694 σμικραὶ

54 1705 109 1759 αὶ
130 1703 351 1772 σφόδρα
371 1703 624 1774 ἑκάτεραι
643 1710 943 1774 γίγνονται,
965 1711 1141 1760 afluat
1152 1727 1210 1761 τε
1228 1707 1320 1761 καὶ
1337 1703 1549 1777 ἡδοναί.
1732 1718 1767 1758 D

158 1788 326 1839 ΠΡΩ.
380 1785 708 1840 Παντάπασι
727 1785 830 1856 μὲν
850 1779 968 1842 οὖν.

159 1869 284 1919 ΣΩ.
328 1860 428 1919 ’Ἀν
448 1868 512 1921 δέ
526 1887 587 1935 γε
611 1870 850 1936 πονηρία
867 1866 1099 1935 τούτων,
1121 1861 1165 1922 ὦ
1184 1868 1501 1940 Πρώταρχε,
1525 1887 1701 1940 προσ-

51 1950 270 2016 cyma!
283 1967 420 2018 τινι,
448 1944 703 2018 πονηρὰν
730 1949 833 2019 μὲν
852 1948 1104 2020 φήσομεν
1124 1947 1272 2006 οὕτω
1291 1955 1582 2020 γίγνεσθαι
1604 1952 1700 2008 δό-

83 2050 145 2098 ν,
166 2027 419 2099 πονηρὰν
441 2030 500 2086 δὲ
519 2029 611 2085 καὶ
626 2026 866 2101 ἡδονήν;

24 2125 29 2131 ·
156 2114 324 2165 mm.
376 2107 538 2166 Ἀλλὰ
557 2116 612 2166 τί
626 2112 764 2182 μήν,
787 2106 832 2167 ὦ
850 2113 1172 2182 Σώκρατες;

155 2196 280 2247 ΣΩ..
342 2197 411 2247 Τί
432 2191 484 2248 δ’
503 2235 519 2262 ,
547 2189 621 2249 ἄν
647 2192 891 2266 ὀρθότης
909 2192 945 2266 ἦ
963 2194 1292 2251 τούναντίον
1310 2194 1576 2268 ὀρθότητι
1593 2198 1699 2252 τινὶ

45 2274 232 2331 ούτων
257 2280 680 2346 προσγίγνηταις
718 2284 840 2347 μῶν
870 2275 972 2333 οὐκ
1006 2275 1191 2348 ὀρθὴν
1215 2278 1317 2349 μὲν
1339 2278 1508 2345 δόξαν
1535 2282 1699 2350 ἐροῦ-

85 2377 136 2421 ν,
159 2351 232 2410 ἇν
253 2353 531 2427 ὀρθότητα
551 2364 701 2428 ἱσχῃ,
721 2356 926 2413 ταύτὸν
945 2359 1002 2414 δὲ
1023 2356 1263 2430 ἡδονήν;

154 2441 323 2492 ΠΡΩ.
373 2434 712 2506 Ἀναγκαῖον.

158 2522 282 2574 ΣΩ.
331 2514 432 2574 ’Ἀν
459 2521 524 2575 δέ
547 2541 608 2589 γε
637 2518 1097 2592 ἁμαρτανόμενον
1135 2521 1197 2579 τὸ
1242 2524 1607 2597 δοξαζόμενον
1642 2517 1696 2597 ᾖ,
1733 2537 1764 2576 E

60 2596 118 2654 ’ν
138 2598 307 2667 δόξαν
326 2600 447 2656 τότε
469 2598 902 2670 ἁμαρτάνουσοὶν
920 2624 982 2673 γε
1002 2601 1106 2661 οὐκ
1125 2602 1310 2677 ὀρθὴν
1329 2604 1697 2678 ὁμολογητέον

67 2677 80 2698 ’
123 2678 136 2700 ’
160 2678 347 2751 ὀρθῶς
366 2681 734 2749 δοξάζουσαν;

151 2768 321 2819 ΠΡΩ.
378 2770 506 2829 Πῶς
524 2764 631 2833 γὰρ
652 2762 749 2827 dim
