2028 3198
152 0 411 49 -fflfijffh'
440 0 573 50 “fffi'·
614 8 623 15 “
652 0 690 14 “’
711 0 733 9 ’
756 0 796 36 ¹st
822 0 907 24 F*
929 0 944 8 “

83 54 104 78 r
183 55 197 65 1
258 52 261 56 ’
651 72 654 75 .

80 160 139 206 95
732 155 1113 204 ΦΑΙΔΡΟΣ.
1659 153 1763 206 233

78 285 247 344 οὐδὲν
263 290 506 360 τίθεται,
541 292 793 358 νομίμων
811 287 870 343 δὲ
890 288 982 343 καὶ
1001 284 1387 358 εὐσχημόνων,
1425 283 1507 352 οἷς
1525 287 1631 360 πρὸ
1660 294 1762 344 τοῦ

78 373 473 438 ἐκαλλωπίζετο
484 411 503 440 ,
534 369 762 424 πάντων
779 368 1249 440 καταφρονήσασα
1269 369 1560 426 δουλεύειν
1576 370 1759 443 ἑτοίμη

78 457 172 512 καὶ
188 461 495 525 κοιμᾶσθαι
514 450 660 508 ὅπου
681 475 757 508 αν
773 455 838 526 ἐᾷ
855 474 936 517 τις
953 452 1233 523 ἐγγυτάτω
1252 459 1356 509 τοῦ
1374 452 1588 509 πόθου·
1623 450 1762 523 πρός

81 557 186 612 γαρ
210 543 289 609 τῷ
305 538 572 606 σέβεσθαι
588 531 688 590 τόν
706 531 767 590 τὸ
788 534 992 598 κάλλος
1009 538 1202 604 ἔχοντα
1221 531 1412 605 ἰατρὸν
1434 532 1635 607 εὕρηκε
1653 535 1760 606 μό-

84 639 181 678 νον
196 624 310 673 τῶν
325 623 599 688 μεγίστων
619 614 822 671 πόνων.
865 620 1029 671 τοῦτο
1050 618 1109 671 δὲ
1127 616 1187 672 τὸ
1208 615 1408 686 πάθος,
1431 638 1473 671 ω
1493 627 1597 672 παῖ’
1607 618 1757 685 καλέ,
1786 627 1822 667 Β

76 698 216 769 πρὸς
244 721 311 755 ον
343 698 413 770 δή
442 720 537 770 μοι
567 695 597 754 6
628 698 816 769 λόγος,
852 696 1146 766 ἅνθρωποι
1173 697 1277 768 μὲν
1299 695 1514 767 ”Ερωτα
1547 696 1758 770 ὀνομά-

77 786 258 851 ζουσι,
294 781 421 836 θεοὶ
449 776 554 835 δε
537 778 569 834 ο“
599 786 869 835 καλοῦσιν
902 776 1147 843 ἀκούσας
1176 778 1399 843 εἰκότως
1418 777 1507 833 διὰ
1526 778 1757 850 νεότητα

82 862 313 936 γελάσει.
353 862 577 932 λέγουσι
596 863 661 917 δέ
668 903 683 931 ,
715 859 891 931 οἶμαι
921 882 1064 924 τινες
1073 857 1384 930 Ὁμηριδῶν
1402 861 1464 915 ἐκ
1483 866 1596 915 τῶν
1616 857 1756 915 ἄπο-

76 948 262 1000 θέτων
290 945 439 997 ἐπῶν
469 943 572 998 δύο
604 947 706 1012 ἔπη
726 946 801 1006 εἰς
818 942 917 998 τὸν
919 938 1163 1011 Ἔρωτα,
1204 963 1285 995 ων
1302 940 1363 996 τὸ
1384 942 1574 1012 ἕτερον
1594 938 1757 1013 ὑβρι-

77 1022 271 1080 στικὸν
288 1022 439 1080 πάνυ
456 1026 547 1079 καὶ
566 1021 634 1079 οὐ
655 1021 873 1094 σφόδρα
890 1045 942 1078 τι
960 1027 1253 1094 ἔμμετρον·
1283 1020 1526 1093 ὑμνοῦσι
1546 1024 1605 1079 δὲ
1625 1016 1757 1078 ωδε·

215 1103 316 1161 τόν
335 1103 385 1161 δ’
407 1103 530 1176 ἤτοι
548 1107 746 1176 θνητοὶ
766 1104 867 1175 μὲν
886 1103 1098 1175 ’Ἑρωτα
1118 1110 1351 1160 καλοῦσι
1370 1104 1631 1176 ποτηνόν,
1788 1115 1823 1157 G
1846 1173 1850 1175 Β

218 1186 492 1243 ἀθάνατοι
513 1188 572 1244 δὲ
590 1192 880 1257 Πτέρωτα,
903 1184 993 1242 διὰ
1014 1187 1382 1258 πτερόφοιτον
1402 1184 1664 1258 ἀνάγκην.

81 1267 294 1332 τούτοις
313 1268 380 1338 δὴ
403 1271 570 1333 ἔξεστι
587 1271 689 1338 μὲν
710 1273 1036 1339 πείθεσθαι,
1067 1271 1238 1332 ἔξεστι
1259 1270 1317 1324 δὲ
1336 1267 1439 1339 μή·
1475 1267 1623 1339 ὅμως
1646 1270 1704 1326 δὲ
1720 1268 1756 1341 ἦ

76 1371 139 1419 γε
167 1353 311 1404 αἰτία
340 1350 432 1404 καὶ
459 1348 522 1404 τὸ
555 1349 738 1414 πάθος
765 1355 878 1404 τῶν
896 1348 1155 1418 ἐρώντων
1172 1355 1334 1404 τοῦτο
1356 1352 1532 1406 ἐκεῖνο
1556 1351 1759 1422 τυγχα-

1 1455 6 1459 ·
77 1451 161 1485 νει
178 1429 262 1486 ὅν.

218 1517 442 1567 XXXIII.
521 1517 648 1567 Τῶν
677 1511 780 1583 μὲν
807 1505 913 1567 οὖν
930 1509 1067 1576 Διὸς
1094 1510 1322 1567 ὀπαδῶν
1350 1509 1379 1567 6
1410 1514 1646 1584 ληφθεὶς
1664 1515 1760 1583 ἐμ-

75 1593 442 1664 βριθέστερον
460 1594 693 1649 δύναται
721 1595 912 1663 φέρειν
938 1593 999 1649 τὸ
1030 1600 1134 1648 τοῦ
1163 1595 1529 1666 πτερωνύμου
1558 1594 1757 1666 ἄχθος·

75 1672 198 1731 ὅσοι
226 1674 285 1730 δὲ
307 1672 516 1744 Ἀρειύς
546 1697 602 1731 τε
630 1678 969 1743 θεραπευταὶ
1000 1677 1090 1732 καὶ
1118 1672 1235 1746 μετ’
1260 1678 1477 1732 ἐκείνου
1498 1675 1759 1746 περιεπό-

76 1763 215 1812 λουν
226 1797 242 1825 ,
261 1755 399 1812 ὅταν
416 1754 764 1827 ὑπ”Ερωτος
782 1755 953 1812 ἁλῶσι
971 1762 1069 1812 καί
1081 1779 1133 1812 τι
1151 1762 1423 1827 οἰηθῶσιν
1443 1755 1757 1813 ἀδικεῖσθαι

74 1834 184 1892 ὑπὸ
217 1842 320 1892 τοῦ
350 1840 657 1908 ἐρωμένου,
697 1840 919 1908 φονικοὶ
947 1840 1039 1895 καὶ
1058 1840 1263 1909 ἕτοιμοι
1281 1838 1636 1911 καθιερεύειν
1654 1835 1758 1893 αὑ-

75 1917 204 1983 τούς
221 1938 278 1974 τε
297 1920 389 1973 καὶ
407 1916 474 1974 τοὶ
494 1920 746 1976 παιδικά·
784 1922 875 1975 καὶ
895 1919 1042 1975 οὕτω
1062 1917 1202 1976 καθ’
1220 1920 1456 1975 ἕκαστον
1481 1920 1649 1989 θεόν,
1690 1913 1761 1975 οὗ
1790 1936 1829 1976 D

72 2001 298 2065 ἕκαστος
315 1994 390 2070 ἦν
407 2002 686 2072 χορευτής,
713 2004 928 2058 ἐκεῖνον
945 2009 1119 2073 τιμῶν
1136 2023 1194 2059 τε
1213 2003 1304 2058 καὶ
1322 2002 1661 2073 μιμούμενος
1681 2006 1758 2066 εἰς

72 2080 134 2136 τὸ
155 2080 400 2138 δυνατὸν
419 2087 507 2156 ζῇ,
538 2084 639 2148 ἕως
659 2079 732 2139 ἄν
751 2077 787 2157 ᾗ
806 2080 1181 2155 ἀδιάφθορος,
1218 2084 1308 2139 καὶ
1329 2082 1432 2154 τὴν
1451 2085 1578 2154 τῇδε
1598 2081 1755 2151 πρῶ-

28 2219 33 2224 ,
72 2185 175 2233 την
202 2165 421 2233 γένεσιν
449 2164 714 2236 βιοτεύει,
751 2167 843 2227 καὶ
875 2165 1051 2238 τούτῳ
1082 2171 1160 2238 τῷ
1193 2162 1378 2237 τρόπῳ
1395 2163 1532 2232 πρός
1551 2184 1609 2219 τε
1627 2160 1758 2228 τούς

0 2253 2 2260 ’
74 2245 385 2314 ἐρωμένους
412 2246 663 2315 καὶπρὸς
685 2244 815 2311 τούς
835 2245 1037 2311 ἄλλους
1057 2243 1238 2316 ὁμιλεῖ
1252 2267 1309 2301 τε
1331 2246 1420 2302 καὶ
1441 2247 1755 2316 προσφέρε-

71 2348 173 2381 ται.
214 2326 313 2381 τόν
334 2346 391 2381 τε
409 2321 514 2382 οὖν
519 2326 734 2396 Ἔρωτα
754 2334 867 2383 τῶν
885 2334 1073 2383 καλῶν
1091 2326 1231 2397 πρὸς
1248 2328 1462 2399 τρόπου
1481 2330 1756 2399 ἐκλέγεται

21 2397 41 2482 ᾗ
73 2407 326 2478 ἕκαστος,
373 2408 465 2463 καὶ
502 2404 574 2473 ῶς
608 2406 750 2463 θεὸν
787 2407 961 2464 αὐτὸν
1000 2408 1265 2466 ἐκεῖνον’
1247 2409 1382 2467 όντα
1419 2410 1595 2484 ἑαυτῷ
1634 2404 1758 2465 οἷον

72 2485 292 2559 αγαλμα
328 2494 668 2544 τεκταίνεταί
697 2512 753 2545 τε
792 2492 882 2546 καὶ
920 2502 1280 2562 κατακοσμεῖ,
1321 2489 1394 2557 ῶς
1421 2490 1669 2563 τιμήσων
1700 2513 1757 2546 τε

71 2567 211 2624 καῖ’
183 2569 474 2640 οργιάσων.
515 2573 570 2625 ol
586 2569 687 2641 μὲν
708 2569 775 2641 δὴ
796 2565 900 2626 οὖν
915 2571 1052 2638 Διὸς
1069 2572 1215 2629 Δῖόν
1232 2595 1353 2629 τινα
1373 2571 1513 2629 εἶναι
1533 2578 1752 2644 ζητοῦσι
1786 2585 1819 2625 Ε

71 2649 174 2722 τήν
205 2650 387 2723 ψυχήν
406 2650 505 2707 τὸν
536 2650 635 2721 ὑφ’
661 2649 848 2707 αὐτῶν
866 2651 1172 2724 ἐρώμενον·
1212 2659 1521 2709 σκοποῦσιν
1542 2647 1674 2723 οὖν,
1711 2656 1762 2708 εἰ

73 2732 383 2805 φιλόσοφός
413 2755 469 2789 τε
499 2735 590 2789 καὶ
608 2731 936 2805 ἡγεμονικὰς
952 2732 1055 2806 τὴν
1074 2738 1277 2806 φύσιν,
1316 2737 1406 2791 καὶ
1428 2733 1564 2789 ὅταν
1584 2731 1759 2790 αὐτὸν

75 2811 332 2882 εὑρόντες
359 2817 670 2885 ἐρασθῶσι,
710 2822 822 2870 πᾶν
851 2822 1109 2872 ποιοῦσιν
1137 2815 1288 2882 ὅπως
1318 2822 1571 2882 τοιοῦτος
1590 2819 1752 2871 ἔσται.
