2028 3198
270 159 375 211 234
865 160 1350 209 ΠΛΑΤΩΝΟΣ
1882 172 1940 217 96

272 302 369 361 ἐὰν
404 294 507 357 οῦν
541 298 614 373 μὴ
651 299 920 375 πρότερον
957 305 1231 374 ἐμβεβῶσι
1255 307 1333 379 τῶ
1356 303 1776 378 ἐπιτηδεύματι,
1817 305 1939 363 τότε

271 385 713 460 ἐπιχειρήσαντες
736 387 1096 460 μανθάνουσί
1113 411 1171 444 τε
1195 386 1333 445 ὅθεν
1357 388 1428 446 ἄν
1451 412 1503 445 τι
1538 388 1816 446 δύνωνται
1847 392 1942 447 καὶ

271 470 428 529 αὐτοὶ
463 474 846 545 μετέρχονται,
884 472 1196 544 ἰχνεύοντες
1232 474 1291 530 δὲ
1317 471 1452 546 παρ’
1479 477 1692 532 ἑαυτῶν
1716 473 1939 548 άνευρί-

162 577 253 622 253
270 575 425 615 σκειν
459 556 560 629 τὴν
595 561 695 614 τοῦ
729 561 1001 631 σφετέρου
1037 562 1179 614 θεοῦ
1213 558 1387 630 φύσιν
1424 557 1721 632 εὐποροῦσι
1757 559 1848 617 διὰ
1878 558 1938 616 τό

271 642 551 709 συντόνως
574 641 928 716 ἠναγκάσθαι
952 641 1088 717 πρὸς
1111 641 1208 699 τὸν
1231 642 1369 700 θεὸν
1393 648 1648 717 βλέπειν,
1685 647 1778 702 καὶ
1802 650 1937 717 ε’φα-

270 728 533 802 πτόμενοι
558 725 733 785 αὐτοῦ
755 733 824 803 τῇ
847 728 1031 803 μνήμῃ
1057 732 1461 795 ἐνθουσιῶντες
1486 733 1539 798 ἐξ
1567 732 1783 787 ἐκείνου
1802 739 1937 803 λαμ-

270 814 507 888 βάνουσι
532 813 597 870 τὰ
622 819 727 887 ἔθη
743 813 911 871 καὶτὰ
937 814 1359 887 ἐπιτηδεύματα,
1385 813 1521 872 καθ’
1548 813 1680 871 ὅσον
1698 814 1940 873 δυνατὸν

269 904 413 958 θεοῦ
435 897 720 976 άνθρῶπῳ
747 914 1063 972 μετασχεῖν·
1090 901 1183 956 καὶ
1207 899 1420 957 τούτων
1448 899 1514 973 δὴ
1538 899 1635 957 τὸν
1661 899 1940 974 ἐρῶμενον

270 984 588 1058 αἰτιώμενοι
613 991 773 1042 ἔτιιτε
796 990 1004 1058 μᾶλλον
1028 983 1308 1057 άγαπῶσι,
1339 983 1446 1042 κᾶν
1470 989 1531 1042 ἐκ
1556 984 1692 1050 Διὸς
1727 983 1936 1059 άρύτω-

268 1089 376 1142 σιν,
403 1068 587 1141 ῶσπερ
601 1075 662 1126 αἶ
680 1070 880 1142 βάκχαι
897 1115 910 1140 ,
938 1072 1028 1127 ἐπὶ
1040 1069 1141 1142 τὴν
1155 1075 1253 1127 τοῦ
1269 1074 1549 1144 ἐρωμένου
1574 1069 1756 1143 ψυχὴν
1770 1074 1935 1128 ἐπαν-

267 1159 526 1221 τλοῦντες
561 1159 818 1211 ποιοῦσιν
854 1153 926 1220 ῶς
963 1155 1204 1212 δυνατὸν
1241 1153 1563 1228 ὁμοιότατον
1586 1159 1664 1231 τῶ
1688 1158 1937 1231 σφετέρῳ

207 1251 240 1291 Β
269 1245 402 1318 θεῶ.
437 1239 557 1297 ὅσοι
573 1237 619 1296 δ’
632 1233 705 1296 αῦ
717 1238 841 1313 μεθ’
854 1239 1028 1313 ”Ηρας
1041 1246 1280 1312 εἵποντο,
1293 1240 1583 1314 βασιλικὸν
1597 1246 1832 1312 ζητοῦσι,
1846 1243 1939 1298 καὶ

271 1324 526 1399 εὑρόντες
550 1328 677 1398 περὶ
699 1330 897 1382 τοῦτον
919 1326 1099 1383 πάντα
1115 1330 1286 1400 δρῶσι
1309 1325 1376 1383 τὰ
1400 1323 1564 1383 αὐτά·
1589 1331 1646 1382 οἱ
1666 1326 1726 1382 δὲ
1747 1324 1939 1383 ’Λπόλ-

267 1411 443 1477 λωνός
455 1434 514 1467 τε
531 1413 622 1468 καὶ
637 1411 868 1468 ἑκάστου
882 1416 994 1468 τῶν
1005 1416 1159 1469 θεῶν
1172 1410 1315 1468 οῦτω
1330 1411 1467 1468 κατὰ
1482 1411 1578 1468 τὸν
1598 1410 1738 1468 θεὸν
1762 1411 1939 1477 ἰόντες

268 1500 488 1570 ζητοῦσι
498 1495 597 1553 τὸν
621 1498 889 1569 σφέτερον
903 1502 1074 1554 παῖδα
1088 1499 1416 1568 πεφυκέναι,
1442 1495 1680 1553 καὶὸταν
1693 1496 1930 1568 κτήσωνε

268 1605 385 1655 ται,
420 1582 750 1655 μιμούμενοι
775 1580 937 1639 αὐτοί
971 1606 1029 1639 τε
1063 1585 1155 1639 καὶ
1188 1582 1254 1638 τὰ
1277 1580 1507 1638 παιδικὰ
1532 1589 1822 1647 πείθοντες
1845 1583 1939 1638 καὶ

271 1665 630 1740 ρυθμίζοντες
654 1673 730 1733 εἰς
755 1666 814 1724 τὸ
830 1671 1047 1724 ἐκείνου
1061 1667 1397 1740 ἐπιτήδευμα
1411 1668 1502 1723 καὶ
1517 1669 1674 1723 ἰδέαν
1686 1665 1936 1738 ἄγουσιν,

269 1750 369 1823 ὅση
394 1753 602 1828 ἑκάστῳ
619 1753 870 1825 δύναμις,
897 1751 964 1809 οῦ
988 1753 1190 1828 φθόνῳ
1207 1750 1334 1809 οὐδ’
1362 1750 1717 1827 ἀνελευθέρῳ
1734 1757 1937 1824 δυσμε-

268 1843 391 1911 νειά
421 1837 693 1909 χρώμενοι
718 1836 854 1909 πρὸς
878 1837 944 1894 τὰ
967 1838 1226 1908 παιδικά,
1261 1835 1383 1893 ἀλλ’
1413 1843 1490 1902 εἰς
1513 1835 1804 1911 ὁμοιότητα
1837 1834 1937 1893 αὑ·

203 1932 239 1974 C
267 1935 380 1986 τοῖς
403 1926 482 1996 τῶ
503 1925 650 1997 θεῷ,
681 1919 747 1977 ὃν
770 1919 841 1977 άν
865 1926 1086 1994 τιμῶσι,
1122 1926 1306 1977 πᾶσαν
1331 1921 1551 1986 πάντως
1574 1920 1604 1977 ὅ
1629 1945 1679 1978 τι
1703 1921 1936 1992 μάλιστα

267 2007 600 2079 πειρώμενοι
624 2004 782 2078 ἄγειν
803 2005 946 2063 οὕτω
971 2010 1205 2062 ποιοῦσι.
1263 2012 1551 2078 προθυμία
1574 2007 1676 2077 μὲν
1699 1998 1803 2061 οῦν
1826 2010 1937 2062 τῶν

268 2089 340 2158 ῶς
364 2090 587 2164 άληθῶς
611 2090 869 2165 ε’ρῶντων
891 2093 984 2148 καὶ
1007 2091 1222 2164 τελετή,
1259 2090 1356 2146 ἐάν
1381 2113 1443 2161 γε
1470 2091 1879 2162 διαπράξωνται
1903 2089 1934 2148 ὂ

266 2181 718 2250 προθυμοῦνται,
744 2175 814 2249 ἣν
837 2179 978 2248 λέγω
996 2221 1010 2247 ,
1046 2173 1189 2232 οὕτω
1214 2175 1353 2247 καλή
1377 2199 1435 2231 τε
1460 2178 1552 2231 καὶ
1578 2173 1937 2248 εῦδαιμονικὴ

265 2260 374 2319 ὑπὸ
388 2266 487 2318 τοῦ
503 2267 558 2319 δι
570 2260 583 2281 ’
610 2269 785 2335 ἔρωτα
808 2264 1074 2335 μανέντος
1089 2267 1256 2333 φίλου
1268 2264 1347 2336 τῷ
1360 2263 1656 2333 φιληθέντι
1667 2267 1933 2332 γίγνεται,

266 2346 365 2404 ε’ἀν
389 2351 616 2420 αἱρεθῇ·
642 2345 921 2404 ἁλίσκεται
948 2347 1008 2403 δὲ
1035 2344 1101 2418 δὴ
1125 2343 1153 2401 ὁ
1177 2347 1422 2419 αἱρεθεὶς
1446 2350 1643 2421 τοιῶδε
1667 2345 1870 2420 τρόπῳ.

405 2441 610 2487 XXXIV.
667 2432 943 2503 Καθάπερ
969 2435 1029 2490 ἐν
1053 2429 1194 2503 άρχῇ
1225 2434 1388 2487 τοῦδε
1423 2435 1522 2487 τοῦ
1555 2430 1744 2503 μύθου
1778 2434 1937 2503 τριχῇ

268 2515 552 2588 διειλόμην
565 2515 749 2588 ψυχὴν
773 2517 1024 2589 ἑκάστην,
1053 2515 1383 2590 ίππομόρφω
1409 2516 1511 2588 μὲν
1536 2515 1637 2572 δύο
1661 2515 1775 2572 τινε
1795 2519 1933 2586 εἴδη,

202 2618 238 2658 D
268 2597 551 2673 ἡνιοχικὸν
577 2602 637 2657 δὲ
654 2602 797 2666 εἶδος
813 2609 1015 2675 τρίτον,
1040 2603 1132 2658 καὶ
1147 2605 1255 2658 νῦν
1279 2609 1357 2659 ἔτι
1371 2597 1502 2672 ἡμῖν
1525 2605 1696 2656 ταῦτα
1710 2602 1932 2671 μενέτω.
2007 2600 2028 2617 ”

264 2690 376 2742 τῶν
402 2686 463 2742 δὲ
488 2685 555 2759 δὴ
578 2691 766 2743 ἵππων
789 2683 817 2742 ὃ
841 2689 971 2758 μέν,
997 2689 1206 2759 φαμέν,
1233 2685 1471 2758 άγαθός,
1507 2682 1536 2740 ὃ
1564 2683 1621 2741 δ’
1650 2682 1746 2740 οῦ·
1768 2681 1933 2755 άρετὴ

267 2770 327 2825 δὲ
351 2777 433 2835 τίς
455 2775 555 2828 τοῦ
579 2769 803 2843 άγαθοῦ
826 2768 861 2844 ἢ
882 2776 1060 2829 κακοῦ
1084 2778 1275 2841 κακία,
1301 2768 1368 2826 οὐ
1395 2775 1704 2840 διείπομεν,
1739 2772 1846 2824 νῦν
1872 2769 1932 2824 δὲ

264 2857 501 2911 λεκτέον.
549 2853 578 2912 ὁ
603 2856 705 2928 μὲν
729 2863 921 2913 τοίνυν
936 2854 1129 2912 αὐτοῖν
1145 2859 1205 2912 ἐν
1223 2860 1291 2928 τῇ
1315 2860 1560 2911 καλλίονι
1575 2851 1762 2908 στάσει
1776 2849 1856 2909 ῶν
1869 2852 1931 2909 τό

264 2960 322 2993 τε
347 2938 490 3005 εἶδος
513 2938 682 3020 ᾅρθός
706 2944 797 2998 καὶ
824 2943 1265 3016 διηρθρωμένος,
1305 2936 1584 3010 ὑψαύχην,
1611 2940 1930 3012 ἕπίγρυπθς,
