2028 3198
111 123 168 199 ιδ
698 145 1230 195 ΣΥΜΠοΣιοΝ.
1696 145 1794 199 157

111 301 226 336 των
254 282 483 351 γέγονεν
514 277 620 335 ὑπὸ
650 283 748 349 τῆς
775 283 1045 349 μουσικῆς
1063 279 1266 350 τέχνης.
1308 277 1377 334 ού
1393 278 1499 350 γὰρ
1523 281 1591 351 δή
1609 300 1719 335 που
1737 283 1798 337 ἐκ

112 364 534 433 διαφερομένων
560 381 625 431 γε
654 363 732 415 ἔτι
760 365 862 415 τοῦ
882 358 1048 424 ’ὀξέος
1083 360 1175 416 καὶ
1210 363 1412 431 βαρέος
1449 359 1687 433 ἁρμονία
1725 358 1798 418 ἄν

113 452 213 514 εἴη.
232 441 393 514 ἡγὰρ
422 440 661 512 ἁρμονία
690 445 987 512 συμφωνία
1016 443 1155 507 ἐστί,
1192 449 1490 513 συμφωνία
1513 442 1572 500 δὲ
1596 441 1799 514 ὁμολο-

113 529 204 593 γία
230 544 334 588 τις·
373 520 673 594 ὁμολογίαν
702 520 761 577 δὲ
788 525 849 577 ἐκ
879 523 1325 592 διαφερομένων,
1365 525 1468 590 ἕως
1495 520 1568 580 ἂν
1605 527 1800 596 διαφέ-

115 626 338 675 ρωνται,
358 602 641 660 ἀδύνατον
656 602 798 660 εἶναι
811 626 822 636 ·
858 603 1264 674 διαφερόμενον
1286 605 1345 661 δὲ
1365 599 1440 660 αὖ
1459 608 1550 663 καὶ
1568 604 1641 678 μὴ
1662 605 1800 679 ὁμο-

113 694 322 757 λογοῦν
341 685 621 742 ἀδύνατον
638 683 904 756 ἁρμόσαι,
940 684 1124 756 ὥσπερ
1141 707 1205 756 γε
1223 689 1315 742 καὶ
1334 683 1363 742 ὅ
1383 689 1602 758 ῥυθμὸς
1621 691 1678 744 ἐκ
1699 694 1799 744 τοῦ

112 770 299 840 ταχέος
317 770 407 824 καὶ
424 772 657 840 βραδέος
687 770 1122 866 διενηνεγμένων
1144 765 1444 839 πρότερον,
1485 767 1722 837 ὕστερον
1741 769 1802 827 δὲ
1832 777 1863 819 G

114 849 583 921 ὁμολογησάντων
609 852 816 920 γέγονε.
856 848 960 919 τὴν
990 850 1050 904 δὲ
1080 846 1383 919 ὁμολογίαν
1412 857 1547 905 πᾶσι
1565 851 1798 921 τούτοις,

114 950 299 1001 ωσπερ
337 935 452 988 ἐκεῖ
492 930 525 1003 ἡ
574 930 818 1003 ἰατρική,
867 934 1113 986 ἐνταῦθα
1149 929 1182 1002 ἡ
1219 930 1456 1003 μουσικὴ
1496 936 1797 1004 ἐντίθησιν,

112 1018 288 1083 ἔρωτα
320 1016 412 1070 καὶ
441 1012 708 1084 ὁμόνοιαν
738 1012 993 1084 άλλήλων
1023 1013 1392 1084 ε’μποιήσασα·
1430 1015 1521 1070 καὶ
1551 1019 1700 1070 ἔστιν
1728 1017 1800 1069 αὐ

113 1094 351 1167 μουσικὴ
379 1098 503 1165 περὶ
529 1094 803 1166 ἁρμονίαν
833 1096 922 1151 καὶ
952 1093 1178 1167 ῥυθμὸν
1207 1099 1486 1165 ἐρωτικῶν
1516 1096 1798 1168 ἐπιστήμη.

114 1181 204 1235 καὶ
234 1181 296 1235 ἐν
325 1180 428 1250 μέν
454 1200 516 1248 γε
550 1176 690 1250 αὐτῇ
721 1184 789 1249 τῇ
819 1177 1080 1232 συστάσει
1101 1174 1366 1248 ἁρμονίας
1386 1199 1443 1233 τε
1465 1179 1554 1233 καὶ
1576 1179 1801 1249 ρυθμοῦ

115 1258 280 1317 οὐδὲν
298 1257 540 1331 χαλεπὸν
557 1257 622 1314 τὰ
650 1258 882 1328 ἐρωτικὰ
902 1258 1349 1330 διαγιγνώσκειν,
1374 1257 1503 1316 οὐδὲ
1523 1257 1551 1315 6
1574 1263 1802 1323 διπλοῦς

115 1348 252 1411 ἔρως
270 1340 519 1398 ἐνταῦθά
537 1361 652 1406 πως
669 1344 843 1395 ἔστιν·
882 1338 1006 1396 ἀλλ’
1038 1339 1260 1397 ἐπειδὰν
1282 1345 1376 1414 δέῃ
1395 1342 1532 1410 πρὸς
1551 1343 1682 1407 τούς
1701 1340 1799 1396 άν-

115 1424 382 1494 θροτὶπους
397 1429 777 1494 καταχρῆσθαι
795 1424 995 1496 ῥυθμῷ
1016 1444 1074 1478 τε
1093 1426 1183 1478 καὶ
1203 1421 1442 1498 ἁρμονίᾳ
1459 1420 1495 1495 ἢ
1515 1431 1799 1494 ποιοῦντα,

114 1506 143 1562 ὂ
171 1505 238 1577 δὴ
269 1510 592 1577 μελοποιίαν
621 1510 916 1573 καλοῦσιν,
955 1501 991 1575 ἢ
1021 1504 1307 1576 χρώμενον
1341 1503 1529 1574 ὀρθῶς
1563 1517 1675 1570 τοῖς
1704 1526 1804 1561 πε-

113 1592 430 1660 ποιημένοις
465 1592 656 1659 με’λεσί
677 1610 735 1643 τε
768 1589 859 1644 καὶ
886 1589 1128 1658 μέτροις,
1166 1585 1198 1645 ὃ
1227 1587 1296 1659 δὴ
1327 1593 1543 1645 παιδεία
1571 1588 1801 1660 ἐκλήθη,

115 1674 360 1727 ἐνταῦθα
381 1669 449 1741 δὴ
469 1672 562 1726 καὶ
579 1668 820 1741 χαλεπὸν
837 1671 927 1726 καὶ
945 1668 1167 1740 ἀγαθοῦ
1198 1674 1541 1742 δημιουργοῦ
1562 1674 1658 1726 δεῖ.
1696 1670 1803 1725 πά-

119 1760 206 1810 λιν
223 1752 331 1823 γάρ
347 1751 468 1822 ἥκει
487 1751 517 1806 6
537 1750 707 1818 αὐτὸς
725 1752 913 1822 λόγος,
945 1750 1031 1807 ὅτι
1050 1763 1164 1817 τοῖς
1182 1753 1284 1823 μὲν
1301 1758 1549 1823 κοσμίοις
1568 1759 1681 1808 τῶν
1700 1751 1803 1808 α’ν-

115 1834 382 1904 θρώπων,
402 1836 493 1890 καὶ
513 1833 587 1899 ὠς
605 1830 679 1889 ἂν
694 1834 1057 1904 κοσμιώτεροι
1075 1840 1359 1905 γίγνοιντο
1379 1838 1435 1890 οί
1446 1834 1611 1905 μήπω
1629 1833 1800 1904 ὄντες,

116 1920 200 1974 δεῖ
214 1921 531 1988 χαρίζεσθαι
548 1918 639 1972 καὶ
660 1915 960 1986 φυλάττειν
976 1915 1076 1971 τὸν
1094 1915 1310 1972 τούτων
1340 1921 1515 1984 ἔρωτα
1528 1959 1542 1986 ,
1580 1916 1672 1972 καὶ
1701 1909 1803 1971 οὗ·

112 1998 207 2064 τός
232 2002 382 2054 ἐστιν
411 1995 441 2054 6
473 1998 669 2069 καλός,
708 1998 737 2054 6
770 1996 1059 2069 οὐράνιος,
1099 1996 1127 2055 6
1156 2006 1251 2071 τῆς
1284 1997 1563 2070 Οὐρανίας
1592 1997 1802 2070 μούσης

1835 1442 1867 1481 D

110 2079 298 2150 Έρως·
321 2077 352 2136 6
374 2079 432 2136 δὲ
450 2086 770 2151 Πολυμνίας
789 2077 818 2136 6
839 2081 1124 2153 πάνδημος
1138 2123 1151 2150 ,
1184 2078 1251 2136 ὃν
1281 2084 1367 2136 δεῖ
1382 2078 1799 2152 εὐλαβούμενον
1831 2097 1860 2138 Ε

116 2165 452 2231 προσφέρειν
482 2159 564 2228 οἷς
593 2158 663 2218 ἄν
693 2165 1010 2235 προσφέρῃ,
1050 2162 1197 2227 ὅπως
1236 2159 1308 2218 ἄν
1337 2163 1437 2234 τὴν
1466 2163 1567 2233 μὲν
1594 2159 1806 2235 ἡδονὴν

116 2242 291 2298 αὑτοῦ
329 2242 712 2315 καρπώσηται,
765 2243 1071 2300 ἀκολασίαν
1108 2244 1165 2301 δὲ
1210 2248 1480 2316 μηδεμίαν
1515 2244 1802 2318 ἐμποιήσῃ,

117 2323 303 2392 ὥσπερ
321 2332 383 2379 έν
399 2330 465 2396 τῇ
487 2322 723 2399 ἡμετέρᾳ
743 2329 904 2398 τέχνῃ
922 2329 1060 2397 μέγα
1082 2331 1248 2397 ἔργον
1267 2338 1383 2392 ταῖς
1402 2329 1524 2396 περὶ
1542 2326 1647 2399 τὴν
1665 2326 1804 2394 ὀψο-

117 2407 337 2477 ποιικην
375 2410 571 2478 τέχνην
606 2411 926 2479 έπνθυμίαις
966 2414 1148 2474 καλῶς
1182 2415 1452 2480 χρῆσθαι,
1493 2406 1626 2465 ὥστ’
1666 2408 1803 2465 ἄνευ

117 2489 293 2543 νόσου
320 2487 423 2559 τὴν
450 2486 663 2561 ἡδονὴν
690 2490 1111 2559 καρπώσασθαι.
1144 2491 1234 2546 καὶ
1264 2492 1324 2546 ἐν
1352 2497 1594 2564 μουσικῇ
1619 2489 1685 2560 δὴ
1712 2490 1802 2546 καὶ

116 2573 177 2626 ἐν
207 2575 420 2643 ἰατρικῇ
448 2572 538 2626 καὶ
567 2574 628 2626 ἐν
656 2583 768 2636 τοῖς
794 2570 980 2637 ἄλλοις
1008 2578 1141 2627 πᾶσι
1168 2573 1258 2629 καὶ
1287 2584 1399 2639 τοῖς
1432 2571 1803 2643 ἀνθρωπείοις

116 2652 206 2707 καὶ
224 2663 336 2716 τοῖς
354 2658 555 2719 θείοις,
594 2650 727 2708 καθ’
763 2651 900 2709 ὅσον
918 2659 1183 2723 παρείκει,
1205 2657 1519 2725 φυλακτέον
1539 2653 1801 2722 ἑκάτερον

121 2730 217 2786 τὸν
225 2730 460 2800 Ἔρωτα·
483 2739 707 2790 ἔνεστον
725 2735 846 2805 γάρ.

257 2820 384 2871 xm
459 2814 596 2872 Ἐπεὶ
629 2818 718 2872 καὶ
751 2814 782 2887 ἡ
811 2838 924 2874 των
947 2814 1109 2887 ωρῶν
1139 2825 1241 2874 τοῦ
1259 2822 1520 2876 ἐνιαυτοῦ
1542 2817 1804 2882 σύστασις

1839 2750 1917 2797 188
