<?xml version="1.0" encoding="UTF-8"?>
<!DOCTYPE html PUBLIC "-//W3C//DTD XHTML 1.0 Transitional//EN"
    "http://www.w3.org/TR/xhtml1/DTD/xhtml1-transitional.dtd">
<html xmlns="http://www.w3.org/1999/xhtml" xml:lang="en" lang="en">
 <head>
  <title>
</title>
<meta http-equiv="Content-Type" content="text/html;charset=utf-8" />
  <meta name='ocr-system' content='tesseract 3.04.00' />
  <meta name='ocr-capabilities' content='ocr_page ocr_carea ocr_par ocr_line ocrx_word'/>
</head>
<body>
  <div class='ocr_page' id='page_1' title='image "./dialogisecumdumt02platuoft_0252.png"; bbox 0 0 2028 3198; ppageno 0'>
   <div class='ocr_carea' id='block_1_1' title="bbox 280 139 1991 191">
    <p class='ocr_par' dir='ltr' id='par_1_1' title="bbox 280 139 1991 191">
     <span class='ocr_line' id='line_1_1' title="bbox 280 139 1991 191; baseline -0.001 0"><span class='ocrx_word' id='word_1_1' title='bbox 280 140 384 191; x_wconf 69' lang='lat'><em>222</em></span> <span class='ocrx_word' id='word_1_2' title='bbox 883 139 1364 187; x_wconf 76' lang='grc' dir='ltr'><em>ΠΛΑΤΩΝΟΣ</em></span> <span class='ocrx_word' id='word_1_3' title='bbox 1558 172 1561 175; x_wconf 88' lang='grc'><strong>-</strong></span> <span class='ocrx_word' id='word_1_4' title='bbox 1899 142 1991 189; x_wconf 63' lang='grc'><em>84”</em></span> 
     </span>
    </p>
   </div>
   <div class='ocr_carea' id='block_1_2' title="bbox 165 265 2028 2865">
    <p class='ocr_par' dir='ltr' id='par_1_2' title="bbox 165 265 1965 995">
     <span class='ocr_line' id='line_1_2' title="bbox 281 265 1961 343; baseline -0.002 -14"><span class='ocrx_word' id='word_1_5' title='bbox 281 271 455 330; x_wconf 81' lang='grc' dir='ltr'><em>αὐτοῦ</em></span> <span class='ocrx_word' id='word_1_6' title='bbox 485 274 703 342; x_wconf 78' lang='grc' dir='ltr'><strong><em>εἰπέτην</em></strong></span> <span class='ocrx_word' id='word_1_7' title='bbox 734 269 806 335; x_wconf 75' lang='grc' dir='ltr'><em>ὥς</em></span> <span class='ocrx_word' id='word_1_8' title='bbox 828 269 1084 326; x_wconf 89' lang='grc' dir='ltr'><em>τοιούτου</em></span> <span class='ocrx_word' id='word_1_9' title='bbox 1113 268 1286 335; x_wconf 69' lang='grc' dir='ltr'><em>ὄντος.</em></span> <span class='ocrx_word' id='word_1_10' title='bbox 1325 270 1497 343; x_wconf 84' lang='grc' dir='ltr'><em>ταύτῃ</em></span> <span class='ocrx_word' id='word_1_11' title='bbox 1516 291 1574 326; x_wconf 89' lang='grc' dir='ltr'><em>τε</em></span> <span class='ocrx_word' id='word_1_12' title='bbox 1593 265 1699 326; x_wconf 77' lang='grc' dir='ltr'><em>οὖν</em></span> <span class='ocrx_word' id='word_1_13' title='bbox 1716 272 1961 342; x_wconf 79' lang='grc' dir='ltr'><em>ἡμαρτα-</em></span> 
     </span>
     <span class='ocr_line' id='line_1_3' title="bbox 281 350 1962 424; baseline -0.002 -14"><span class='ocrx_word' id='word_1_14' title='bbox 281 359 443 424; x_wconf 83' lang='grc' dir='ltr'><em>νέτην</em></span> <span class='ocrx_word' id='word_1_15' title='bbox 479 355 602 423; x_wconf 84' lang='grc' dir='ltr'><em>περὶ</em></span> <span class='ocrx_word' id='word_1_16' title='bbox 638 351 737 408; x_wconf 88' lang='grc' dir='ltr'><em>τὸν</em></span> <span class='ocrx_word' id='word_1_17' title='bbox 760 352 998 421; x_wconf 81' lang='grc' dir='ltr'><em>”Ερωτα,</em></span> <span class='ocrx_word' id='word_1_18' title='bbox 1039 356 1117 407; x_wconf 79' lang='grc' dir='ltr'><em>ἔτι</em></span> <span class='ocrx_word' id='word_1_19' title='bbox 1151 374 1207 407; x_wconf 88' lang='grc' dir='ltr'><em>τε</em></span> <span class='ocrx_word' id='word_1_20' title='bbox 1242 350 1275 423; x_wconf 82' lang='grc' dir='ltr'>ἡ</span> <span class='ocrx_word' id='word_1_21' title='bbox 1317 350 1547 423; x_wconf 79' lang='grc' dir='ltr'><em>εὐήθεια</em></span> <span class='ocrx_word' id='word_1_22' title='bbox 1585 351 1776 407; x_wconf 84' lang='grc' dir='ltr'><em>αύτοῖν</em></span> <span class='ocrx_word' id='word_1_23' title='bbox 1812 353 1962 407; x_wconf 88' lang='grc' dir='ltr'><em>πάνυ</em></span> 
     </span>
     <span class='ocr_line' id='line_1_4' title="bbox 280 431 1964 505; baseline -0.001 -15"><span class='ocrx_word' id='word_1_24' title='bbox 280 435 493 503; x_wconf 78' lang='grc' dir='ltr'><em>ἀστεία,</em></span> <span class='ocrx_word' id='word_1_25' title='bbox 529 432 590 488; x_wconf 87' lang='grc' dir='ltr'>τὸ</span> <span class='ocrx_word' id='word_1_26' title='bbox 613 434 786 505; x_wconf 75' lang='grc' dir='ltr'><em>μηδὲν</em></span> <span class='ocrx_word' id='word_1_27' title='bbox 805 432 951 503; x_wconf 73' lang='grc' dir='ltr'><em>ὑγιὲς</em></span> <span class='ocrx_word' id='word_1_28' title='bbox 970 433 1191 502; x_wconf 86' lang='grc' dir='ltr'><em>λέγοντε</em></span> <span class='ocrx_word' id='word_1_29' title='bbox 1210 433 1346 504; x_wconf 76' lang='grc' dir='ltr'><em>μηδὲ</em></span> <span class='ocrx_word' id='word_1_30' title='bbox 1366 431 1570 504; x_wconf 76' lang='grc' dir='ltr'><em>ἀληθὲς</em></span> <span class='ocrx_word' id='word_1_31' title='bbox 1589 434 1964 505; x_wconf 80' lang='grc' dir='ltr'><em>σεμνύνεσθαι</em></span> 
     </span>
     <span class='ocr_line' id='line_1_5' title="bbox 165 512 1963 588; baseline 0.001 -19"><span class='ocrx_word' id='word_1_32' title='bbox 165 525 250 570; x_wconf 70' lang='lat'><em>243</em></span> <span class='ocrx_word' id='word_1_33' title='bbox 281 514 353 581; x_wconf 83' lang='grc' dir='ltr'><em>ὠς</em></span> <span class='ocrx_word' id='word_1_34' title='bbox 385 517 436 571; x_wconf 83' lang='grc' dir='ltr'><em>τὶ</em></span> <span class='ocrx_word' id='word_1_35' title='bbox 469 514 622 587; x_wconf 79' lang='grc' dir='ltr'><em>ὅντε,</em></span> <span class='ocrx_word' id='word_1_36' title='bbox 674 519 724 570; x_wconf 82' lang='grc' dir='ltr'><em>εἰ</em></span> <span class='ocrx_word' id='word_1_37' title='bbox 756 514 865 584; x_wconf 78' lang='grc' dir='ltr'><em>ἄρα</em></span> <span class='ocrx_word' id='word_1_38' title='bbox 902 512 1332 583; x_wconf 76' lang='grc' dir='ltr'><strong><em>ἀνθρωπίσκους</em></strong></span> <span class='ocrx_word' id='word_1_39' title='bbox 1366 514 1520 580; x_wconf 75' lang='grc' dir='ltr'><em>τινὰς</em></span> <span class='ocrx_word' id='word_1_40' title='bbox 1561 515 1963 588; x_wconf 85' lang='grc' dir='ltr'><em>ἐξαπατήσαντε</em></span> 
     </span>
     <span class='ocr_line' id='line_1_6' title="bbox 285 589 1964 669; baseline -0.001 -17"><span class='ocrx_word' id='word_1_41' title='bbox 285 596 716 667; x_wconf 76' lang='grc' dir='ltr'><em>εὐδοκιμήσεων</em></span> <span class='ocrx_word' id='word_1_42' title='bbox 734 599 793 651; x_wconf 84' lang='grc' dir='ltr'><em>ἐν</em></span> <span class='ocrx_word' id='word_1_43' title='bbox 818 593 1019 660; x_wconf 78' lang='grc' dir='ltr'><em>αὐτοῖς,</em></span> <span class='ocrx_word' id='word_1_44' title='bbox 1042 597 1160 666; x_wconf 85' lang='grc' dir='ltr'><em>ἐμοὶ</em></span> <span class='ocrx_word' id='word_1_45' title='bbox 1180 597 1281 666; x_wconf 77' lang='grc' dir='ltr'><em>μὲν</em></span> <span class='ocrx_word' id='word_1_46' title='bbox 1301 589 1431 669; x_wconf 80' lang='grc' dir='ltr'><em>οὖν,</em></span> <span class='ocrx_word' id='word_1_47' title='bbox 1456 591 1502 652; x_wconf 73' lang='grc' dir='ltr'><em>ὦ</em></span> <span class='ocrx_word' id='word_1_48' title='bbox 1522 603 1674 669; x_wconf 82' lang='grc' dir='ltr'><em>φίλε,</em></span> <span class='ocrx_word' id='word_1_49' title='bbox 1707 597 1964 668; x_wconf 82' lang='grc' dir='ltr'><em>καθήρα-</em></span> 
     </span>
     <span class='ocr_line' id='line_1_7' title="bbox 283 675 1965 751; baseline -0.001 -17"><span class='ocrx_word' id='word_1_50' title='bbox 283 687 418 734; x_wconf 89' lang='grc' dir='ltr'><em>σθαι</em></span> <span class='ocrx_word' id='word_1_51' title='bbox 447 677 687 749; x_wconf 74' lang='grc' dir='ltr'><em>ἀνάγκη·</em></span> <span class='ocrx_word' id='word_1_52' title='bbox 729 683 842 733; x_wconf 83' lang='grc' dir='ltr'><em>ἔστι</em></span> <span class='ocrx_word' id='word_1_53' title='bbox 863 680 921 732; x_wconf 79' lang='grc' dir='ltr'><em>δὲ</em></span> <span class='ocrx_word' id='word_1_54' title='bbox 949 689 1060 742; x_wconf 81' lang='grc' dir='ltr'><em>τοῖς</em></span> <span class='ocrx_word' id='word_1_55' title='bbox 1080 675 1456 748; x_wconf 77' lang='grc' dir='ltr'><em>ἁμαρτάνουσι</em></span> <span class='ocrx_word' id='word_1_56' title='bbox 1474 682 1598 751; x_wconf 88' lang='grc' dir='ltr'><em>περὶ</em></span> <span class='ocrx_word' id='word_1_57' title='bbox 1617 685 1965 751; x_wconf 81' lang='grc' dir='ltr'><em>μυθολογίαν</em></span> 
     </span>
     <span class='ocr_line' id='line_1_8' title="bbox 284 757 1964 834; baseline -0.001 -18"><span class='ocrx_word' id='word_1_58' title='bbox 284 757 576 831; x_wconf 83' lang='grc' dir='ltr'><em>καθαρμὸς</em></span> <span class='ocrx_word' id='word_1_59' title='bbox 603 758 853 830; x_wconf 76' lang='grc' dir='ltr'><em>ἀρχαῖος,</em></span> <span class='ocrx_word' id='word_1_60' title='bbox 892 757 960 813; x_wconf 81' lang='grc' dir='ltr'><em>ὂν</em></span> <span class='ocrx_word' id='word_1_61' title='bbox 979 758 1218 830; x_wconf 71' lang='grc' dir='ltr'><em>’Όμηρος</em></span> <span class='ocrx_word' id='word_1_62' title='bbox 1249 758 1351 831; x_wconf 77' lang='grc' dir='ltr'><em>μὲν</em></span> <span class='ocrx_word' id='word_1_63' title='bbox 1378 758 1482 816; x_wconf 84' lang='grc' dir='ltr'><em>οὐκ</em></span> <span class='ocrx_word' id='word_1_64' title='bbox 1501 761 1738 834; x_wconf 79' lang='grc' dir='ltr'><em>ᾔσθετο,</em></span> <span class='ocrx_word' id='word_1_65' title='bbox 1759 766 1964 831; x_wconf 67' lang='grc' dir='ltr'><em>Στησί-</em></span> 
     </span>
     <span class='ocr_line' id='line_1_9' title="bbox 282 838 1965 914; baseline -0.001 -17"><span class='ocrx_word' id='word_1_66' title='bbox 282 863 444 912; x_wconf 87' lang='grc' dir='ltr'><em>χορος</em></span> <span class='ocrx_word' id='word_1_67' title='bbox 484 843 558 896; x_wconf 90' lang='grc' dir='ltr'><em>δέ.</em></span> <span class='ocrx_word' id='word_1_68' title='bbox 604 847 715 896; x_wconf 74' lang='grc' dir='ltr'><em>τῶν</em></span> <span class='ocrx_word' id='word_1_69' title='bbox 741 839 850 911; x_wconf 78' lang='grc' dir='ltr'><em>γὰρ</em></span> <span class='ocrx_word' id='word_1_70' title='bbox 880 838 1143 911; x_wconf 78' lang='grc' dir='ltr'><em>ὀμμάτων</em></span> <span class='ocrx_word' id='word_1_71' title='bbox 1172 843 1456 912; x_wconf 85' lang='grc' dir='ltr'><em>στερηθεὶς</em></span> <span class='ocrx_word' id='word_1_72' title='bbox 1492 841 1582 897; x_wconf 77' lang='grc' dir='ltr'><em>διὰ</em></span> <span class='ocrx_word' id='word_1_73' title='bbox 1620 841 1722 914; x_wconf 88' lang='grc' dir='ltr'><em>τὴν</em></span> <span class='ocrx_word' id='word_1_74' title='bbox 1751 841 1965 911; x_wconf 80' lang='grc' dir='ltr'><em>Ἑλένης</em></span> 
     </span>
     <span class='ocr_line' id='line_1_10' title="bbox 284 920 1965 995; baseline -0.001 -16"><span class='ocrx_word' id='word_1_75' title='bbox 284 929 621 994; x_wconf 83' lang='grc' dir='ltr'><em>κακηγορίαν</em></span> <span class='ocrx_word' id='word_1_76' title='bbox 639 920 743 977; x_wconf 83' lang='grc' dir='ltr'><em>οὐκ</em></span> <span class='ocrx_word' id='word_1_77' title='bbox 761 921 1040 994; x_wconf 76' lang='grc' dir='ltr'><em>ἠγνόησεν</em></span> <span class='ocrx_word' id='word_1_78' title='bbox 1061 920 1490 994; x_wconf 67' lang='grc' dir='ltr'><em>ὥσπερὍμηρος</em></span> <span class='ocrx_word' id='word_1_79' title='bbox 1503 966 1518 995; x_wconf 93' lang='grc'><em>,</em></span> <span class='ocrx_word' id='word_1_80' title='bbox 1557 922 1680 980; x_wconf 71' lang='grc' dir='ltr'><em>ἀλλ’</em></span> <span class='ocrx_word' id='word_1_81' title='bbox 1712 922 1806 979; x_wconf 78' lang='grc' dir='ltr'><em>ἅτε</em></span> <span class='ocrx_word' id='word_1_82' title='bbox 1826 945 1965 994; x_wconf 86' lang='grc' dir='ltr'><em>μου-</em></span> 
     </span>
    </p>

    <p class='ocr_par' dir='ltr' id='par_1_3' title="bbox 201 997 1504 1076">
     <span class='ocr_line' id='line_1_11' title="bbox 201 997 1504 1076; baseline -0.002 -13"><span class='ocrx_word' id='word_1_83' title='bbox 201 997 205 1008; x_wconf 62' lang='grc'>’</span> <span class='ocrx_word' id='word_1_84' title='bbox 286 1006 438 1072; x_wconf 83' lang='grc' dir='ltr'><em>σικός</em></span> <span class='ocrx_word' id='word_1_85' title='bbox 461 1002 540 1061; x_wconf 65' lang='grc' dir='ltr'><em>(ὃν</em></span> <span class='ocrx_word' id='word_1_86' title='bbox 560 1010 701 1076; x_wconf 83' lang='grc' dir='ltr'><em>ἔγνω</em></span> <span class='ocrx_word' id='word_1_87' title='bbox 720 1004 822 1076; x_wconf 82' lang='grc' dir='ltr'><em>τὴν</em></span> <span class='ocrx_word' id='word_1_88' title='bbox 841 1010 1036 1076; x_wconf 82' lang='grc' dir='ltr'><em>αἰτίαν,</em></span> <span class='ocrx_word' id='word_1_89' title='bbox 1056 1007 1147 1061; x_wconf 88' lang='grc' dir='ltr'><em>καὶ</em></span> <span class='ocrx_word' id='word_1_90' title='bbox 1167 1017 1312 1061; x_wconf 79' lang='grc' dir='ltr'><em>ποιεῖ</em></span> <span class='ocrx_word' id='word_1_91' title='bbox 1329 1005 1504 1070; x_wconf 77' lang='grc' dir='ltr'><em>εὐθὺς</em></span> 
     </span>
    </p>

    <p class='ocr_par' dir='ltr' id='par_1_4' title="bbox 222 1080 2028 2784">
     <span class='ocr_line' id='line_1_12' title="bbox 422 1080 1260 1157; baseline 0 -15"><span class='ocrx_word' id='word_1_92' title='bbox 422 1086 526 1142; x_wconf 85' lang='grc' dir='ltr'><em>οὐκ</em></span> <span class='ocrx_word' id='word_1_93' title='bbox 548 1085 660 1142; x_wconf 80' lang='grc' dir='ltr'><em>ἔστ’</em></span> <span class='ocrx_word' id='word_1_94' title='bbox 683 1091 877 1157; x_wconf 81' lang='grc' dir='ltr'><em>ἔτυμος</em></span> <span class='ocrx_word' id='word_1_95' title='bbox 897 1088 1060 1157; x_wconf 90' lang='grc' dir='ltr'><em>λόγος</em></span> <span class='ocrx_word' id='word_1_96' title='bbox 1080 1080 1260 1157; x_wconf 77' lang='grc' dir='ltr'><em>οὗτος,</em></span> 
     </span>
     <span class='ocr_line' id='line_1_13' title="bbox 425 1165 1963 1239; baseline -0.002 -16"><span class='ocrx_word' id='word_1_97' title='bbox 425 1165 547 1223; x_wconf 82' lang='grc' dir='ltr'><em>οὐδ’</em></span> <span class='ocrx_word' id='word_1_98' title='bbox 580 1173 707 1239; x_wconf 83' lang='grc' dir='ltr'><em>ἔβας</em></span> <span class='ocrx_word' id='word_1_99' title='bbox 736 1171 796 1223; x_wconf 81' lang='grc' dir='ltr'><em>ἐν</em></span> <span class='ocrx_word' id='word_1_100' title='bbox 827 1172 1026 1239; x_wconf 82' lang='grc' dir='ltr'><em>νηυσὶν</em></span> <span class='ocrx_word' id='word_1_101' title='bbox 1057 1167 1367 1238; x_wconf 84' lang='grc' dir='ltr'><em>εύσέλμοις,</em></span> <span class='ocrx_word' id='word_1_102' title='bbox 1407 1166 1527 1222; x_wconf 82' lang='grc' dir='ltr'><em>οὐδ’</em></span> <span class='ocrx_word' id='word_1_103' title='bbox 1560 1171 1675 1223; x_wconf 80' lang='grc' dir='ltr'><em>ἵκεο</em></span> <span class='ocrx_word' id='word_1_104' title='bbox 1705 1171 1963 1237; x_wconf 82' lang='grc' dir='ltr'><em>Πέργαμα</em></span> 
     </span>
     <span class='ocr_line' id='line_1_14' title="bbox 222 1257 1204 1320; baseline -0.001 -16"><span class='ocrx_word' id='word_1_105' title='bbox 222 1265 252 1304; x_wconf 86' lang='grc' dir='ltr'>Β</span> <span class='ocrx_word' id='word_1_106' title='bbox 978 1257 1204 1320; x_wconf 87' lang='grc' dir='ltr'><em>Τροίας·</em></span> 
     </span>
     <span class='ocr_line' id='line_1_15' title="bbox 284 1329 1968 1404; baseline -0.003 -17"><span class='ocrx_word' id='word_1_107' title='bbox 284 1333 375 1388; x_wconf 86' lang='grc' dir='ltr'><em>καὶ</em></span> <span class='ocrx_word' id='word_1_108' title='bbox 405 1332 634 1402; x_wconf 84' lang='grc' dir='ltr'><em>ποιήσας</em></span> <span class='ocrx_word' id='word_1_109' title='bbox 665 1329 730 1403; x_wconf 82' lang='grc' dir='ltr'><em>δὴ</em></span> <span class='ocrx_word' id='word_1_110' title='bbox 764 1337 948 1386; x_wconf 81' lang='grc' dir='ltr'><em>πᾶσαν</em></span> <span class='ocrx_word' id='word_1_111' title='bbox 977 1330 1081 1402; x_wconf 86' lang='grc' dir='ltr'><em>τὴν</em></span> <span class='ocrx_word' id='word_1_112' title='bbox 1110 1334 1458 1402; x_wconf 82' lang='grc' dir='ltr'><em>καλουμένην</em></span> <span class='ocrx_word' id='word_1_113' title='bbox 1490 1333 1830 1404; x_wconf 77' lang='grc' dir='ltr'><em>παλινῳδίαν</em></span> <span class='ocrx_word' id='word_1_114' title='bbox 1861 1350 1968 1384; x_wconf 87' lang='grc' dir='ltr'><em>πα-</em></span> 
     </span>
     <span class='ocr_line' id='line_1_16' title="bbox 287 1407 1969 1485; baseline -0.002 -17"><span class='ocrx_word' id='word_1_115' title='bbox 287 1420 535 1485; x_wconf 87' lang='grc' dir='ltr'><em>ραχρῆμα</em></span> <span class='ocrx_word' id='word_1_116' title='bbox 572 1411 889 1484; x_wconf 81' lang='grc' dir='ltr'><em>ἀνέβλεψεν.</em></span> <span class='ocrx_word' id='word_1_117' title='bbox 928 1413 1033 1483; x_wconf 74' lang='grc' dir='ltr'><em>ἐγώ</em></span> <span class='ocrx_word' id='word_1_118' title='bbox 1064 1407 1171 1467; x_wconf 80' lang='grc' dir='ltr'><em>οὖν</em></span> <span class='ocrx_word' id='word_1_119' title='bbox 1202 1412 1515 1484; x_wconf 76' lang='grc' dir='ltr'><em>σοφώτερος</em></span> <span class='ocrx_word' id='word_1_120' title='bbox 1545 1414 1770 1469; x_wconf 84' lang='grc' dir='ltr'><em>ἐκείνων</em></span> <span class='ocrx_word' id='word_1_121' title='bbox 1804 1407 1969 1480; x_wconf 85' lang='grc' dir='ltr'><em>γενή-</em></span> 
     </span>
     <span class='ocr_line' id='line_1_17' title="bbox 288 1492 1967 1566; baseline -0.003 -16"><span class='ocrx_word' id='word_1_122' title='bbox 288 1512 452 1566; x_wconf 90' lang='grc' dir='ltr'><em>σομαι</em></span> <span class='ocrx_word' id='word_1_123' title='bbox 471 1492 592 1550; x_wconf 84' lang='grc' dir='ltr'><em>κατ’</em></span> <span class='ocrx_word' id='word_1_124' title='bbox 616 1494 750 1550; x_wconf 86' lang='grc' dir='ltr'><em>αύτό</em></span> <span class='ocrx_word' id='word_1_125' title='bbox 770 1518 832 1565; x_wconf 88' lang='grc' dir='ltr'><em>γε</em></span> <span class='ocrx_word' id='word_1_126' title='bbox 851 1502 1014 1550; x_wconf 82' lang='grc' dir='ltr'><em>τοῦτο</em></span> <span class='ocrx_word' id='word_1_127' title='bbox 1032 1516 1042 1526; x_wconf 92' lang='grc'><em>·</em></span> <span class='ocrx_word' id='word_1_128' title='bbox 1075 1496 1206 1563; x_wconf 84' lang='grc' dir='ltr'><em>πρὶν</em></span> <span class='ocrx_word' id='word_1_129' title='bbox 1224 1493 1330 1565; x_wconf 91' lang='grc' dir='ltr'><em>γάρ</em></span> <span class='ocrx_word' id='word_1_130' title='bbox 1349 1516 1400 1550; x_wconf 90' lang='grc' dir='ltr'><em>τι</em></span> <span class='ocrx_word' id='word_1_131' title='bbox 1419 1501 1621 1550; x_wconf 77' lang='grc' dir='ltr'><em>παθεῖν</em></span> <span class='ocrx_word' id='word_1_132' title='bbox 1641 1492 1729 1548; x_wconf 73' lang='grc' dir='ltr'><em>διὰ</em></span> <span class='ocrx_word' id='word_1_133' title='bbox 1750 1492 1850 1562; x_wconf 82' lang='grc' dir='ltr'><em>τὴν</em></span> <span class='ocrx_word' id='word_1_134' title='bbox 1868 1496 1967 1547; x_wconf 81' lang='grc' dir='ltr'><em>τοῦ</em></span> 
     </span>
     <span class='ocr_line' id='line_1_18' title="bbox 274 1571 1970 1650; baseline -0.003 -18"><span class='ocrx_word' id='word_1_135' title='bbox 274 1577 515 1647; x_wconf 68' lang='grc' dir='ltr'><em>’Ἑρωτος</em></span> <span class='ocrx_word' id='word_1_136' title='bbox 537 1584 879 1648; x_wconf 85' lang='grc' dir='ltr'><em>κακηγορίαν</em></span> <span class='ocrx_word' id='word_1_137' title='bbox 898 1577 1227 1647; x_wconf 88' lang='grc' dir='ltr'><em>πειράσομαι</em></span> <span class='ocrx_word' id='word_1_138' title='bbox 1245 1572 1398 1650; x_wconf 72' lang='grc' dir='ltr'><em>αὐτῷ</em></span> <span class='ocrx_word' id='word_1_139' title='bbox 1416 1574 1720 1631; x_wconf 75' lang='grc' dir='ltr'><em>ἀποδοῦναι</em></span> <span class='ocrx_word' id='word_1_140' title='bbox 1739 1571 1842 1645; x_wconf 84' lang='grc' dir='ltr'><em>τὴν</em></span> <span class='ocrx_word' id='word_1_141' title='bbox 1861 1594 1970 1628; x_wconf 87' lang='grc' dir='ltr'><em>πα-</em></span> 
     </span>
     <span class='ocr_line' id='line_1_19' title="bbox 291 1651 2026 1732; baseline -0.003 -18"><span class='ocrx_word' id='word_1_142' title='bbox 291 1663 582 1732; x_wconf 78' lang='grc' dir='ltr'><em>λινῳδίαν,</em></span> <span class='ocrx_word' id='word_1_143' title='bbox 623 1666 811 1732; x_wconf 83' lang='grc' dir='ltr'><em>γυμνῇ</em></span> <span class='ocrx_word' id='word_1_144' title='bbox 845 1667 911 1732; x_wconf 84' lang='grc' dir='ltr'><em>τῇ</em></span> <span class='ocrx_word' id='word_1_145' title='bbox 950 1665 1192 1731; x_wconf 81' lang='grc' dir='ltr'><em>κεφαλῇ,</em></span> <span class='ocrx_word' id='word_1_146' title='bbox 1230 1659 1321 1713; x_wconf 86' lang='grc' dir='ltr'><em>καὶ</em></span> <span class='ocrx_word' id='word_1_147' title='bbox 1356 1655 1456 1728; x_wconf 82' lang='grc' dir='ltr'><em>οὐχ</em></span> <span class='ocrx_word' id='word_1_148' title='bbox 1490 1657 1672 1726; x_wconf 75' lang='grc' dir='ltr'><em>ὥσπερ</em></span> <span class='ocrx_word' id='word_1_149' title='bbox 1709 1657 1829 1711; x_wconf 91' lang='grc' dir='ltr'><em>τότε</em></span> <span class='ocrx_word' id='word_1_150' title='bbox 1867 1651 1965 1709; x_wconf 80' lang='grc' dir='ltr'><em>ὑπ’</em></span> <span class='ocrx_word' id='word_1_151' title='bbox 2023 1666 2026 1714; x_wconf 82' lang='lat' dir='ltr'>J</span> 
     </span>
     <span class='ocr_line' id='line_1_20' title="bbox 291 1742 1060 1811; baseline 0 -16"><span class='ocrx_word' id='word_1_152' title='bbox 291 1742 555 1811; x_wconf 81' lang='grc' dir='ltr'><em>αἰσχύνης</em></span> <span class='ocrx_word' id='word_1_153' title='bbox 575 1743 1060 1811; x_wconf 84' lang='grc' dir='ltr'><em>ἐγκεκαλυμμένος.</em></span> 
     </span>
     <span class='ocr_line' id='line_1_21' title="bbox 433 1815 2028 1892; baseline -0.003 -17"><span class='ocrx_word' id='word_1_154' title='bbox 433 1828 579 1876; x_wconf 89' lang='grc' dir='ltr'><em>ΦΑΙ.</em></span> <span class='ocrx_word' id='word_1_155' title='bbox 644 1828 908 1892; x_wconf 87' lang='grc' dir='ltr'><em>Τουτωνί,</em></span> <span class='ocrx_word' id='word_1_156' title='bbox 931 1816 976 1876; x_wconf 69' lang='grc' dir='ltr'><em>ὦ</em></span> <span class='ocrx_word' id='word_1_157' title='bbox 996 1822 1307 1891; x_wconf 74' lang='grc' dir='ltr'><em>Σώκρατες,</em></span> <span class='ocrx_word' id='word_1_158' title='bbox 1332 1819 1434 1876; x_wconf 83' lang='grc' dir='ltr'><em>οὐκ</em></span> <span class='ocrx_word' id='word_1_159' title='bbox 1455 1825 1602 1875; x_wconf 82' lang='grc' dir='ltr'><em>ἔστιν</em></span> <span class='ocrx_word' id='word_1_160' title='bbox 1619 1817 1738 1875; x_wconf 82' lang='grc' dir='ltr'><em>ἅττ’</em></span> <span class='ocrx_word' id='word_1_161' title='bbox 1761 1815 1833 1873; x_wconf 70' lang='grc' dir='ltr'><em>ἄν</em></span> <span class='ocrx_word' id='word_1_162' title='bbox 1853 1818 1971 1888; x_wconf 83' lang='grc' dir='ltr'><em>ἐμοὶ</em></span> <span class='ocrx_word' id='word_1_163' title='bbox 2021 1815 2028 1826; x_wconf 62' lang='lat'>³</span> 
     </span>
     <span class='ocr_line' id='line_1_22' title="bbox 291 1896 2028 1971; baseline -0.001 -15"><span class='ocrx_word' id='word_1_164' title='bbox 291 1900 433 1966; x_wconf 85' lang='grc' dir='ltr'><em>εἶπες</em></span> <span class='ocrx_word' id='word_1_165' title='bbox 454 1900 606 1971; x_wconf 83' lang='grc' dir='ltr'><em>ἡδίω.</em></span> <span class='ocrx_word' id='word_1_166' title='bbox 2022 1896 2028 1918; x_wconf 75' lang='lat'>³</span> 
     </span>
     <span class='ocr_line' id='line_1_23' title="bbox 430 1977 1971 2052; baseline -0.003 -14"><span class='ocrx_word' id='word_1_167' title='bbox 430 1988 563 2038; x_wconf 90' lang='lat' dir='ltr'><strong>XXI.</strong></span> <span class='ocrx_word' id='word_1_168' title='bbox 635 1987 758 2036; x_wconf 76' lang='grc' dir='ltr'><em>ΣΩ.</em></span> <span class='ocrx_word' id='word_1_169' title='bbox 815 1984 925 2036; x_wconf 87' lang='grc' dir='ltr'><em>Καὶ</em></span> <span class='ocrx_word' id='word_1_170' title='bbox 953 1982 1086 2051; x_wconf 91' lang='grc' dir='ltr'><em>γάρ,</em></span> <span class='ocrx_word' id='word_1_171' title='bbox 1126 1977 1170 2036; x_wconf 72' lang='grc' dir='ltr'><em>ὦ</em></span> <span class='ocrx_word' id='word_1_172' title='bbox 1201 1981 1360 2052; x_wconf 75' lang='grc' dir='ltr'><em>’γαθὲ</em></span> <span class='ocrx_word' id='word_1_173' title='bbox 1390 1986 1620 2051; x_wconf 79' lang='grc' dir='ltr'><em>Φαῖδρε,</em></span> <span class='ocrx_word' id='word_1_174' title='bbox 1661 1984 1866 2042; x_wconf 76' lang='grc' dir='ltr'><em>ἐννοεῖς</em></span> <span class='ocrx_word' id='word_1_175' title='bbox 1899 1977 1971 2043; x_wconf 72' lang='grc' dir='ltr'><em>ὣς</em></span> 
     </span>
     <span class='ocr_line' id='line_1_24' title="bbox 232 2056 1970 2134; baseline -0.004 -13"><span class='ocrx_word' id='word_1_176' title='bbox 232 2081 262 2123; x_wconf 84' lang='lat' dir='ltr'>C</span> <span class='ocrx_word' id='word_1_177' title='bbox 293 2063 532 2129; x_wconf 73' lang='grc' dir='ltr'><em>ἀναιδῶς</em></span> <span class='ocrx_word' id='word_1_178' title='bbox 552 2071 819 2134; x_wconf 79' lang='grc' dir='ltr'><em>εἰρησθον</em></span> <span class='ocrx_word' id='word_1_179' title='bbox 838 2061 912 2117; x_wconf 78' lang='grc' dir='ltr'><em>τιὸ</em></span> <span class='ocrx_word' id='word_1_180' title='bbox 935 2062 1080 2132; x_wconf 88' lang='grc' dir='ltr'><em>λόγω</em></span> <span class='ocrx_word' id='word_1_181' title='bbox 1094 2105 1108 2133; x_wconf 91' lang='grc'><em>,</em></span> <span class='ocrx_word' id='word_1_182' title='bbox 1139 2056 1303 2127; x_wconf 75' lang='grc' dir='ltr'><em>οὗτός</em></span> <span class='ocrx_word' id='word_1_183' title='bbox 1321 2084 1378 2117; x_wconf 87' lang='grc' dir='ltr'><em>τε</em></span> <span class='ocrx_word' id='word_1_184' title='bbox 1397 2059 1534 2117; x_wconf 83' lang='grc' dir='ltr'><em>καὶὸ</em></span> <span class='ocrx_word' id='word_1_185' title='bbox 1557 2064 1616 2117; x_wconf 89' lang='grc' dir='ltr'><em>έκ</em></span> <span class='ocrx_word' id='word_1_186' title='bbox 1632 2068 1734 2115; x_wconf 85' lang='grc' dir='ltr'><em>τοῦ</em></span> <span class='ocrx_word' id='word_1_187' title='bbox 1753 2065 1970 2131; x_wconf 86' lang='grc' dir='ltr'><em>βιβλίου</em></span> 
     </span>
     <span class='ocr_line' id='line_1_25' title="bbox 290 2142 1971 2218; baseline -0.003 -18"><span class='ocrx_word' id='word_1_188' title='bbox 290 2149 492 2218; x_wconf 81' lang='grc' dir='ltr'><em>ῥηθείς.</em></span> <span class='ocrx_word' id='word_1_189' title='bbox 518 2150 568 2201; x_wconf 76' lang='grc' dir='ltr'><em>εἰ</em></span> <span class='ocrx_word' id='word_1_190' title='bbox 583 2146 688 2214; x_wconf 81' lang='grc' dir='ltr'><em>γὰρ</em></span> <span class='ocrx_word' id='word_1_191' title='bbox 710 2143 934 2200; x_wconf 80' lang='grc' dir='ltr'><em>ἀκούων</em></span> <span class='ocrx_word' id='word_1_192' title='bbox 953 2166 1031 2209; x_wconf 84' lang='grc' dir='ltr'><em>τις</em></span> <span class='ocrx_word' id='word_1_193' title='bbox 1050 2143 1204 2215; x_wconf 81' lang='grc' dir='ltr'><em>τύχοι</em></span> <span class='ocrx_word' id='word_1_194' title='bbox 1222 2142 1381 2215; x_wconf 74' lang='grc' dir='ltr'><em>ἡμῶν</em></span> <span class='ocrx_word' id='word_1_195' title='bbox 1399 2143 1669 2214; x_wconf 78' lang='grc' dir='ltr'><em>γεννάδας</em></span> <span class='ocrx_word' id='word_1_196' title='bbox 1687 2143 1779 2197; x_wconf 89' lang='grc' dir='ltr'><em>καὶ</em></span> <span class='ocrx_word' id='word_1_197' title='bbox 1798 2147 1971 2210; x_wconf 74' lang='grc' dir='ltr'><em>πρᾶος</em></span> 
     </span>
     <span class='ocr_line' id='line_1_26' title="bbox 288 2221 1970 2298; baseline -0.004 -15"><span class='ocrx_word' id='word_1_198' title='bbox 288 2227 350 2283; x_wconf 85' lang='grc' dir='ltr'>τὸ</span> <span class='ocrx_word' id='word_1_199' title='bbox 382 2221 551 2298; x_wconf 79' lang='grc' dir='ltr'><em>ἦθος,</em></span> <span class='ocrx_word' id='word_1_200' title='bbox 593 2229 781 2295; x_wconf 80' lang='grc' dir='ltr'><em>ἑτέρου</em></span> <span class='ocrx_word' id='word_1_201' title='bbox 811 2226 870 2282; x_wconf 74' lang='grc' dir='ltr'><em>δὲ</em></span> <span class='ocrx_word' id='word_1_202' title='bbox 901 2226 1161 2281; x_wconf 90' lang='grc' dir='ltr'><em>τοιούτου</em></span> <span class='ocrx_word' id='word_1_203' title='bbox 1190 2228 1332 2298; x_wconf 73' lang='grc' dir='ltr'><em>ἐρῶν</em></span> <span class='ocrx_word' id='word_1_204' title='bbox 1359 2222 1394 2297; x_wconf 80' lang='grc' dir='ltr'><em>ἢ</em></span> <span class='ocrx_word' id='word_1_205' title='bbox 1425 2227 1514 2281; x_wconf 87' lang='grc' dir='ltr'><em>καὶ</em></span> <span class='ocrx_word' id='word_1_206' title='bbox 1545 2223 1822 2296; x_wconf 81' lang='grc' dir='ltr'><em>πρότερόν</em></span> <span class='ocrx_word' id='word_1_207' title='bbox 1841 2242 1970 2278; x_wconf 88' lang='grc' dir='ltr'><em>ποτε</em></span> 
     </span>
     <span class='ocr_line' id='line_1_27' title="bbox 291 2304 1972 2378; baseline -0.003 -15"><span class='ocrx_word' id='word_1_208' title='bbox 291 2310 572 2378; x_wconf 86' lang='grc' dir='ltr'><em>ἐρασθείς,</em></span> <span class='ocrx_word' id='word_1_209' title='bbox 614 2308 891 2377; x_wconf 87' lang='grc' dir='ltr'><em>λεγόντων</em></span> <span class='ocrx_word' id='word_1_210' title='bbox 931 2304 1002 2371; x_wconf 77' lang='grc' dir='ltr'><em>ὡς</em></span> <span class='ocrx_word' id='word_1_211' title='bbox 1041 2305 1129 2362; x_wconf 77' lang='grc' dir='ltr'><em>διὰ</em></span> <span class='ocrx_word' id='word_1_212' title='bbox 1171 2307 1372 2378; x_wconf 79' lang='grc' dir='ltr'><em>σμικρὰ</em></span> <span class='ocrx_word' id='word_1_213' title='bbox 1410 2307 1646 2378; x_wconf 77' lang='grc' dir='ltr'><em>μεγάλας</em></span> <span class='ocrx_word' id='word_1_214' title='bbox 1682 2309 1881 2376; x_wconf 81' lang='grc' dir='ltr'><em>ἔχθρας</em></span> <span class='ocrx_word' id='word_1_215' title='bbox 1921 2306 1972 2359; x_wconf 85' lang='grc' dir='ltr'><em>οἱ</em></span> 
     </span>
     <span class='ocr_line' id='line_1_28' title="bbox 289 2386 2028 2459; baseline 0 -15"><span class='ocrx_word' id='word_1_216' title='bbox 289 2389 512 2456; x_wconf 82' lang='grc' dir='ltr'><em>ἐρασταὶ</em></span> <span class='ocrx_word' id='word_1_217' title='bbox 541 2387 902 2459; x_wconf 80' lang='grc' dir='ltr'><em>ἀναιροῦνται</em></span> <span class='ocrx_word' id='word_1_218' title='bbox 927 2390 1018 2444; x_wconf 84' lang='grc' dir='ltr'><em>καὶ</em></span> <span class='ocrx_word' id='word_1_219' title='bbox 1049 2393 1232 2459; x_wconf 84' lang='grc' dir='ltr'><em>ἔχουσι</em></span> <span class='ocrx_word' id='word_1_220' title='bbox 1263 2387 1400 2457; x_wconf 82' lang='grc' dir='ltr'><em>πρὸς</em></span> <span class='ocrx_word' id='word_1_221' title='bbox 1428 2389 1493 2444; x_wconf 77' lang='grc' dir='ltr'><em>τὰ</em></span> <span class='ocrx_word' id='word_1_222' title='bbox 1513 2386 1737 2444; x_wconf 80' lang='grc' dir='ltr'><em>παιδικὰ</em></span> <span class='ocrx_word' id='word_1_223' title='bbox 1758 2395 1972 2457; x_wconf 82' lang='grc' dir='ltr'><em>φθονε-</em></span> <span class='ocrx_word' id='word_1_224' title='bbox 2021 2387 2028 2444; x_wconf 66' lang='grc' dir='ltr'><em>ζ</em></span> 
     </span>
     <span class='ocr_line' id='line_1_29' title="bbox 291 2466 1972 2542; baseline -0.002 -18"><span class='ocrx_word' id='word_1_225' title='bbox 291 2475 401 2539; x_wconf 78' lang='grc' dir='ltr'><em>ρῶς</em></span> <span class='ocrx_word' id='word_1_226' title='bbox 436 2490 494 2524; x_wconf 87' lang='grc' dir='ltr'><em>τε</em></span> <span class='ocrx_word' id='word_1_227' title='bbox 529 2472 620 2525; x_wconf 87' lang='grc' dir='ltr'><em>καὶ</em></span> <span class='ocrx_word' id='word_1_228' title='bbox 656 2477 966 2542; x_wconf 72' lang='grc' dir='ltr'><em>βλαβερῶς,</em></span> <span class='ocrx_word' id='word_1_229' title='bbox 1008 2477 1123 2535; x_wconf 79' lang='grc' dir='ltr'><em>πῶς</em></span> <span class='ocrx_word' id='word_1_230' title='bbox 1153 2469 1255 2526; x_wconf 89' lang='grc' dir='ltr'><em>ούκ</em></span> <span class='ocrx_word' id='word_1_231' title='bbox 1284 2468 1357 2524; x_wconf 72' lang='grc' dir='ltr'><em>ἂν</em></span> <span class='ocrx_word' id='word_1_232' title='bbox 1386 2479 1488 2526; x_wconf 84' lang='grc' dir='ltr'><em>οἰέι</em></span> <span class='ocrx_word' id='word_1_233' title='bbox 1515 2466 1690 2525; x_wconf 80' lang='grc' dir='ltr'><em>αὐτὸν</em></span> <span class='ocrx_word' id='word_1_234' title='bbox 1717 2466 1972 2539; x_wconf 75' lang='grc' dir='ltr'><em>ἡγεῖσθαι</em></span> 
     </span>
     <span class='ocr_line' id='line_1_30' title="bbox 292 2546 2028 2622; baseline -0.002 -15"><span class='ocrx_word' id='word_1_235' title='bbox 292 2550 523 2607; x_wconf 83' lang='grc' dir='ltr'><em>ἀκούειν</em></span> <span class='ocrx_word' id='word_1_236' title='bbox 552 2553 612 2606; x_wconf 81' lang='grc' dir='ltr'><em>ἐν</em></span> <span class='ocrx_word' id='word_1_237' title='bbox 642 2552 869 2616; x_wconf 83' lang='grc' dir='ltr'><em>ναύταις</em></span> <span class='ocrx_word' id='word_1_238' title='bbox 898 2572 1009 2607; x_wconf 91' lang='grc' dir='ltr'><em>που</em></span> <span class='ocrx_word' id='word_1_239' title='bbox 1037 2555 1438 2622; x_wconf 85' lang='grc' dir='ltr'><em>τεθραμμένων</em></span> <span class='ocrx_word' id='word_1_240' title='bbox 1462 2553 1552 2606; x_wconf 81' lang='grc' dir='ltr'><em>καὶ</em></span> <span class='ocrx_word' id='word_1_241' title='bbox 1583 2547 1785 2604; x_wconf 83' lang='grc' dir='ltr'><em>οὐδένα</em></span> <span class='ocrx_word' id='word_1_242' title='bbox 1813 2546 1971 2602; x_wconf 85' lang='grc' dir='ltr'><em>έλεύ-</em></span> <span class='ocrx_word' id='word_1_243' title='bbox 2016 2559 2028 2602; x_wconf 47' lang='grc' dir='ltr'><em>ι</em></span> 
     </span>
     <span class='ocr_line' id='line_1_31' title="bbox 292 2626 2021 2703; baseline -0.003 -17"><span class='ocrx_word' id='word_1_244' title='bbox 292 2641 467 2703; x_wconf 91' lang='grc' dir='ltr'><em>θερον</em></span> <span class='ocrx_word' id='word_1_245' title='bbox 486 2636 661 2702; x_wconf 81' lang='grc' dir='ltr'><em>ἔρωτα</em></span> <span class='ocrx_word' id='word_1_246' title='bbox 692 2633 1044 2702; x_wconf 82' lang='grc' dir='ltr'><em>ἑωρακότων,</em></span> <span class='ocrx_word' id='word_1_247' title='bbox 1078 2639 1287 2689; x_wconf 84' lang='grc' dir='ltr'><em>πολλοῦ</em></span> <span class='ocrx_word' id='word_1_248' title='bbox 1319 2632 1369 2687; x_wconf 83' lang='grc' dir='ltr'><em>δ’</em></span> <span class='ocrx_word' id='word_1_249' title='bbox 1394 2629 1465 2688; x_wconf 75' lang='grc' dir='ltr'><em>ὄὶν</em></span> <span class='ocrx_word' id='word_1_250' title='bbox 1486 2636 1601 2687; x_wconf 76' lang='grc' dir='ltr'><em>δεῖν</em></span> <span class='ocrx_word' id='word_1_251' title='bbox 1622 2628 1750 2700; x_wconf 74' lang='grc' dir='ltr'><em>ἡμῖν</em></span> <span class='ocrx_word' id='word_1_252' title='bbox 1768 2626 1970 2697; x_wconf 89' lang='grc' dir='ltr'><em>ὁμολο-</em></span> <span class='ocrx_word' id='word_1_253' title='bbox 2018 2628 2021 2694; x_wconf 59' lang='lat' dir='ltr'>s</span> 
     </span>
     <span class='ocr_line' id='line_1_32' title="bbox 230 2711 1101 2784; baseline 0.002 -18"><span class='ocrx_word' id='word_1_254' title='bbox 230 2726 261 2766; x_wconf 74' lang='lat' dir='ltr'>D</span> <span class='ocrx_word' id='word_1_255' title='bbox 292 2726 411 2782; x_wconf 84' lang='grc' dir='ltr'><em>γεῑν</em></span> <span class='ocrx_word' id='word_1_256' title='bbox 430 2712 465 2769; x_wconf 76' lang='grc' dir='ltr'><em>ἃ</em></span> <span class='ocrx_word' id='word_1_257' title='bbox 482 2715 722 2784; x_wconf 84' lang='grc' dir='ltr'><em>ψέγομεν</em></span> <span class='ocrx_word' id='word_1_258' title='bbox 740 2711 839 2768; x_wconf 84' lang='grc' dir='ltr'><em>τὸν</em></span> <span class='ocrx_word' id='word_1_259' title='bbox 861 2714 1101 2782; x_wconf 76' lang='grc' dir='ltr'><em>’Ἑρωτα;</em></span> 
     </span>
    </p>

    <p class='ocr_par' dir='ltr' id='par_1_5' title="bbox 434 2791 1410 2865">
     <span class='ocr_line' id='line_1_33' title="bbox 434 2791 1410 2865; baseline 0.001 -16"><span class='ocrx_word' id='word_1_260' title='bbox 434 2801 583 2851; x_wconf 89' lang='grc' dir='ltr'><em>ΦΑΙ.</em></span> <span class='ocrx_word' id='word_1_261' title='bbox 623 2795 781 2859; x_wconf 85' lang='grc' dir='ltr'><em>Ἴσως</em></span> <span class='ocrx_word' id='word_1_262' title='bbox 803 2793 872 2865; x_wconf 85' lang='grc' dir='ltr'><em>νὴ</em></span> <span class='ocrx_word' id='word_1_263' title='bbox 893 2793 1008 2865; x_wconf 83' lang='grc' dir='ltr'><em>Δί’,</em></span> <span class='ocrx_word' id='word_1_264' title='bbox 1033 2791 1077 2850; x_wconf 69' lang='grc' dir='ltr'><em>οἷ</em></span> <span class='ocrx_word' id='word_1_265' title='bbox 1102 2796 1410 2865; x_wconf 70' lang='grc' dir='ltr'><em>Σώκρατες.</em></span> 
     </span>
    </p>
   </div>
  </div>
 </body>
</html>
