2028 3198
274 107 378 159 256
878 107 1364 156 HAATfflvoz
1870 118 1958 165 113

276 240 543 296 ἀδύνατοι
562 241 818 309 ἐγένοντο
841 236 1165 309 ὁρίσασθαι,
1204 245 1261 294 τί
1283 237 1407 295 ποτ’
1441 245 1555 296 ἔστι
1572 243 1863 313 ῥητορική,
1898 247 1959 300 ἐκ

278 323 337 378 δὲ
355 322 559 376 τούτου
577 328 680 375 τοῦ
700 321 921 386 πάθους
938 322 1004 376 τὰ
1026 319 1132 391 πρὸ
1154 327 1249 392 τῆς
1271 323 1463 394 τέχνης
1481 320 1753 395 ἀναγκαῖα
1771 327 1961 396 μαθή-

220 413 251 455 C
279 425 421 475 ματα
440 407 655 473 ἔχοντες
683 401 982 475 ῥητορικὴν
1012 402 1282 478 ᾠήθησαν
1312 403 1631 478 εὑρηκέναι,
1669 397 1961 463 καὶταῦτα

278 483 344 555 δὴ
371 484 726 549 διδάσκοντες
745 484 950 551 ἄλλους
976 485 1249 557 ἡγοῦνταί
1273 505 1429 559 σφισι
1448 492 1644 555 τελέως
1663 491 1963 562 ῥητορικὴν

278 567 628 637 δεδιδάχθαι,
666 565 728 622 τὸ
762 565 817 622 δ’
849 569 1050 623 ἕκαστα
1078 569 1297 625 τούτων
1323 579 1578 636 πιθανῶς
1597 574 1776 642 λέγειν
1794 594 1852 627 τε
1871 573 1964 628 καὶ

276 650 337 706 τό
361 648 496 705 ὅλον
514 659 901 723 συνίστασθαι,
925 649 1092 706 οὐδὲν
1109 655 1301 723 ἔργον,
1322 650 1526 718 αὐτοὺς
1545 657 1661 709 δεῖν
1679 651 1808 726 παρ’
1831 656 1964 710 ἐαυ-

279 738 391 788 τῶν
408 731 540 797 τούς
557 735 812 805 μαθητάς
831 750 993 805 σφων
1016 738 1340 805 πορίζεσθαι
1360 736 1419 789 ἐν
1437 745 1550 800 τοῖς
1570 734 1767 805 λόγοις.

424 821 575 871 ΦΑΙ.
625 813 787 872 Ἀλλά
806 817 945 887 μήν,
968 809 1013 871 ὦ
1030 816 1327 887 Σώκρατες
1341 859 1354 885 ,
1376 817 1692 872 κινδυνεύει
1708 819 1964 875 τοιοῦτόν

277 919 329 952 τι
356 895 497 952 εἶναι
529 898 590 953 τό
621 905 718 970 τῆς
747 901 965 970 τέχνης,
1002 897 1073 970 ἣν
1093 891 1249 953 οὗτοι
1271 902 1327 953 015
1350 897 1551 967 ἄνδρες
1577 896 1649 963 ὡς
1668 899 1965 971 ῥητορικὴν

280 978 610 1036 διδάσκουσί
639 1003 697 1036 τε
733 983 825 1037 καὶ
861 982 1167 1053 γράφουσι·
1214 983 1307 1037 καὶ
1342 986 1528 1052 ἔμοιγε
1567 986 1745 1047 δοκεῖς
1780 982 1965 1053 ἀληθῆ

214 1073 249 1113 D
282 1066 560 1134 εἰρηκέναι
577 1085 587 1095 ·
630 1062 767 1119 ἀλλά
800 1062 866 1135 δὴ
895 1063 999 1136 τὴν
1015 1071 1117 1120 τοῦ
1138 1070 1213 1137 τῷ
1233 1062 1352 1119 ὄντι
1372 1067 1666 1135 ῥητορικοῦ
1686 1086 1743 1119 τε
1763 1065 1854 1120 καὶ
1873 1085 1965 1118 πι-

280 1152 470 1201 θανοῦ
487 1149 684 1217 τέχνην
703 1153 820 1212 πῶς
849 1149 940 1202 καὶ
960 1147 1142 1202 πόθεν
1161 1146 1233 1202 ἄν
1250 1170 1330 1211 τις
1350 1146 1575 1201 δύναιτο
1596 1152 1962 1215 πορίσασθαι;

420 1233 544 1284 Σῼ.
611 1226 686 1284 Τὸ
706 1229 806 1299 μὲν
826 1230 1132 1300 δύνασθαι,
1166 1222 1210 1283 ὦ
1231 1232 1465 1299 Φαῖδρε,
1499 1227 1637 1284 ὥστε
1654 1227 1966 1300 ἀγωνιστὴν

279 1314 467 1367 τέλεον
479 1315 759 1382 γενέσθαι,
775 1311 935 1383 εἰκός,
951 1320 1082 1377 ἴσως
1101 1312 1265 1367 δὲκαὶ
1282 1309 1602 1383 ἀναγκαῖον,
1618 1317 1761 1383 ἔχειν
1778 1311 1963 1381 ὥσπερ

279 1387 466 1449 τάλλα.
492 1399 542 1449 εἰ
567 1396 670 1465 μέν
691 1414 778 1450 σοι
796 1392 1030 1466 ὑπάρχει
1049 1395 1218 1465 φύσει
1238 1397 1512 1469 ῥητορικῷ
1531 1393 1696 1465 εἶναι,
1733 1399 1844 1450 ἔσει
1863 1394 1966 1465 ῥή-

278 1496 390 1546 τωρ
420 1476 734 1547 ἐλλόγιμος,
769 1477 1102 1549 προσλαβών
1140 1477 1445 1548 ἐπιστήμην
1482 1498 1539 1531 τε
1575 1477 1666 1532 καὶ
1706 1477 1937 1547 μελέτην
1952 1497 1963 1508 ·

278 1555 413 1613 ὅτου
443 1554 495 1612 δ’
528 1555 599 1613 ἄν
625 1560 847 1631 ἐλλίπῃς
875 1558 1115 1630 τούτων,
1154 1559 1325 1632 ταύτῃ
1356 1557 1549 1630 ἀτελὴς
1577 1563 1700 1615 ἔσει.
1739 1558 1877 1614 ὅσον
1906 1562 1965 1614 δὲ
2016 1615 2028 1632 ⁴

280 1637 456 1695 αὐτοῦ
477 1644 654 1711 τέχνη,
677 1639 778 1711 οὐχ
797 1634 837 1714 ᾗ
853 1648 1063 1706 Λυσίας
1079 1665 1136 1698 τε
1155 1644 1245 1699 καὶ
1267 1641 1632 1713 Θρασύμαχος
1650 1641 1961 1713 πορεύεται,
2016 1671 2028 1714 ¹-

281 1725 438 1777 δοκεῖ
449 1743 542 1792 μοι
563 1728 864 1793 φαίνεσθαι
885 1722 918 1796 ἡ
940 1728 1194 1795 μέθοδος.
2016 1710 2028 1740 '³'

422 1811 572 1859 ΦΑΙ.
624 1803 786 1861 Ἀλλὰ
809 1813 887 1877 πῇ
910 1807 1004 1877 ᾶή;

221 1902 253 1942 Ε
423 1891 549 1942 Σῼ.
615 1889 978 1957 Κινδυνεύει,
1019 1884 1064 1944 ὦ
1102 1888 1319 1957 ἄριστε,
1361 1887 1584 1952 εἰκότως
1622 1885 1652 1942 ὁ
1691 1894 1964 1959 Περικλῆς

281 1967 507 2024 πάντων
524 1969 853 2035 τελειότατος
872 1976 948 2035 εἰς
967 1969 1068 2041 τὴν
1088 1967 1387 2041 ῥητορικὴν
1404 1972 1683 2039 γενέσθαι.

423 2057 574 2107 ΦΑΙ.
638 2059 706 2109 Τί
722 2054 812 2124 δή;

419 2140 548 2192 LIV.
621 2142 747 2191 ΣΩ.
793 2142 981 2192 Πᾶσαι
1000 2135 1125 2191 ὅσαι
1144 2133 1374 2205 μεγάλαι
1392 2139 1504 2188 τῶν
1531 2141 1765 2205 τεχνῶν,
1790 2150 1962 2206 προσ-

165 2229 252 2275 270
282 2221 498 2273 δέονται
536 2216 853 2289 ἀδολεσχίας
880 2220 970 2273 καὶ
999 2221 1429 2289 μετεωρολογίας
1458 2216 1680 2286 φύσεως
1709 2218 1859 2286 πέρι·
1899 2216 1959 2271 τό

278 2298 386 2370 γὰρ
407 2297 738 2371 ὑψηλόνουν
755 2306 919 2356 τοῦτο
949 2303 1041 2356 καὶ
1069 2300 1249 2372 πάντῃ
1269 2295 1655 2367 τελεσιουργὸν
1673 2303 1852 2354 ἔοικεν
1870 2300 1964 2354 έν-
2023 2312 2028 2318 ’

279 2384 483 2437 τεῦθέν
513 2391 695 2438 ποθεν
724 2385 964 2439 εἰσιέναι.
1004 2380 1035 2438 ὃ
1065 2385 1156 2439 καὶ
1184 2387 1459 2451 Περικλῆς
1486 2379 1625 2451 πρὸς
1653 2386 1729 2453 τῷ
1751 2378 1963 2451 εὐφυὴς

280 2461 422 2518 εἶναι
462 2464 728 2535 ἐκτήσατο
744 2486 755 2496 ·
793 2464 1127 2535 προσπεσών
1160 2465 1269 2535 γάρ
1283 2506 1297 2533 ,
1349 2461 1524 2534 οἶμαι,
1572 2462 1803 2536 τοιούτῳ
1842 2461 1961 2518 ὄντι

273 2544 639 2619 Ἀναξαγόρᾳ,
691 2553 1122 2617 μετεωρολογίας
1160 2547 1493 2618 ἐμπλησθεὶς
1537 2547 1629 2602 καὶ
1664 2548 1752 2602 ἐπὶ
1790 2545 1962 2615 φύσιν
2007 2609 2011 2611 .

278 2633 384 2682 νοῦ
404 2649 463 2682 τε
481 2629 573 2684 καὶ
591 2627 784 2694 ἀνοίας
803 2629 1169 2700 ἀφικόμενος,
1210 2623 1290 2684 ὧν
1311 2627 1376 2699 δὴ
1399 2632 1524 2700 πέρι
1539 2626 1640 2683 τὸν
1658 2627 1837 2682 πολὺν
1858 2627 1958 2682 λό-

277 2734 381 2781 γον
399 2713 630 2767 ἐποιεῖτο
648 2710 1038 2784 Ἀναξαγόρας,
1060 2715 1327 2769 ἐντεῦθεν
1349 2715 1602 2767 εἵλκυσεν
1619 2711 1705 2765 ἐπὶ
1724 2707 1826 2780 τὴν
1845 2716 1954 2766 τῶν

276 2794 459 2863 λόγων
478 2797 675 2865 τέχνην
692 2793 752 2850 τὸ
776 2794 1107 2866 πρόσφορον
1125 2793 1278 2867 αὐτῇ.
