2028 3198
223 472 258 513 D

156 2266 240 2310 144

291 161 397 213 334
630 165 1171 213 ΑΛΚΙΒΙΑΔΗΣ
1203 168 1654 218 ΔΕΥΤΕΡΟΣ.
1919 179 1975 224 64

292 303 410 350 λειν
440 294 510 350 ἄν
541 311 602 350 σε
632 293 771 364 πρὸς
790 297 894 367 τὴν
914 298 1116 352 ἑαυτοῦ
1133 300 1338 370 μητέρα
1363 303 1794 374 διαπεπρᾶχθαι,
1834 304 1972 374 ἅπερ

285 375 546 446 Ὀρέστην
582 378 718 446 φασὶ
754 379 844 432 καὶ
878 377 978 432 τὸν
1008 376 1316 448 Ἀλκμέωνα
1350 383 1441 437 καὶ
1470 387 1522 438 εί
1546 383 1615 454 δή
1644 405 1787 449 τινες
1817 383 1970 441 ἄλλοι
2024 398 2027 400 ’

291 460 518 522 ἐκείνοις
535 458 871 529 τυγχάνουσι
890 457 1061 515 ταύτὰ
1089 464 1569 534 διαπεπραγμένοι.

431 558 547 608 ΑΛ.
604 550 862 624 Εὐφήμει
881 552 1018 625 πρὸς
1035 555 1199 624 Διός,
1223 549 1268 610 ὦ
1285 557 1591 626 Σώκρατες.

429 654 552 705 Σῼ.
613 647 785 703 Οὔτοι
812 645 910 703 τὸν
942 652 1199 723 λέγοντα,
1242 646 1640 725 ὦἈλκιβιάδη,
1684 651 1754 719 ὡς
1773 653 1875 711 οὐκ
1898 652 1969 710 ἄν

288 729 500 793 ἐθέλοις
519 745 607 785 σοι
626 735 799 783 ταῦτα
820 737 1164 803 πεπρᾶχθαι,
1208 731 1478 805 εὐφημεῖν
1507 739 1589 791 δεῖ
1615 753 1674 790 σε
1704 736 1967 806 κελεύειν,

288 808 428 865 ἄλλα
459 815 673 879 μᾶλλον
700 809 873 882 πολύ,
914 819 1059 876 εἴτις
1079 811 1144 867 τὰ
1166 815 1388 870 ἐναντία
1405 817 1553 886 λέγοι
1568 838 1578 847 ·
1617 816 1800 888 ἐπειδὴ
1821 817 1965 873 οὕτω

289 906 376 946 σοι
397 894 551 946 δοκεῖ
568 891 787 961 σφόδρα
818 890 1005 947 δεινὸν
1031 892 1169 948 εἶναι
1187 893 1247 950 τὸ
1270 903 1520 967 πρᾶγμα,
1560 895 1689 952 ὥστ’
1715 897 1895 954 οὐδε
1864 921 1964 970 ρη-

286 975 411 1029 τέον
431 972 569 1029 εἶναι
590 972 765 1038 οὕτως
784 980 926 1046 εἰκῇ
953 980 1132 1042 δοκεῖς
1152 975 1201 1032 δ’
1228 974 1301 1033 ἄν
1320 979 1418 1034 τὸν
1434 978 1715 1051 Ορέστην,
1737 987 1788 1037 ει
1803 982 1961 1052 ε’τύγ-

284 1077 415 1124 χανε
433 1055 703 1126 φρόνιμος
721 1052 800 1111 ὧν
819 1059 910 1112 καὶ
930 1056 1138 1123 εἰδως’
1104 1081 1132 1114 ο
1157 1081 1206 1113 τι
1225 1063 1559 1131 βέλτιστον
1528 1084 1601 1132 ην
1618 1061 1770 1137 αὐτῷ
1788 1065 1963 1133 προέτ-

283 1157 397 1191 τειν
409 1137 760 1208 ,τολμῆσαι
734 1138 804 1192 οἷν
822 1160 872 1193 τι
894 1139 1109 1195 τούτων
1131 1142 1562 1211 διαπραξασθαι;

422 1225 538 1272 AA.
592 1216 677 1274 Ού
699 1222 848 1289 δῆτα.

428 1305 546 1354 ΣΩ.
610 1298 760 1355 Οὐδέ
775 1323 836 1371 γε
856 1301 1028 1358 ἄλλον
1047 1301 1195 1374 οἶμαι
1217 1302 1431 1360 οὐδένα.

424 1387 541 1437 ΑΛ.
601 1380 686 1437 Οὐ
704 1385 906 1454 μέντοι.

418 1481 542 1531 ΣΩ.
597 1475 791 1532 Κακὸν
820 1476 928 1550 ἄρ’,
971 1475 1043 1543 ὡς
1070 1483 1276 1550 ἔοικεν,
1315 1482 1461 1535 ἐστὶν
1490 1478 1523 1551 ἡ
1554 1487 1656 1536 τοῦ
1674 1487 1958 1553 βελτίστου

280 1555 476 1627 ἄγνοια
497 1559 587 1614 καὶ
605 1559 667 1613 τὸ
689 1557 913 1629 ἀγνοεῖν
932 1558 990 1615 τὸ
1013 1563 1313 1632 βέλτιστον.

419 1659 537 1708 ΑΛ.
578 1651 800 1725 ’Έμοιγε
820 1658 985 1710 δοκεῖ.

415 1752 540 1802 ΣΩ.
601 1746 830 1804 Οὐκοῦν
849 1753 938 1804 καὶ
961 1752 1150 1825 ἐκείνῳ
1172 1752 1263 1806 καὶ
1281 1762 1392 1815 τοῖς
1411 1749 1596 1816 ἄλλοις
1615 1750 1848 1821 ἅπασιν;

414 1836 532 1884 ΑΛ.
590 1836 751 1900 Φημί.

412 1927 519 1978 V11.
586 1928 712 1977 ΣΩ.
767 1922 884 1978 ”En
911 1932 1103 1979 τοίνυν
1131 1928 1222 1981 καὶ
1250 1927 1374 1982 τόδε
1416 1929 1866 1999 ἐπισκεψώμεθα·
1907 1937 1959 1984 εἴ

273 2021 359 2059 σοι
380 2002 577 2060 αὐτίκα
595 2005 740 2075 μάλα
759 2011 1092 2078 παρασταίη,
1130 2010 1376 2079 οἰηθέντι
1398 2012 1614 2080 βέλτιον
1634 2008 1771 2064 εἶναι
1785 2051 1799 2078 ,
1837 2016 1950 2064 Πε-

271 2087 460 2156 ρικλέα
487 2084 586 2142 τὸν
612 2094 851 2142 σεαυτοῦ
878 2089 1175 2155 ἐπίτροπόν
1203 2111 1260 2144 τε
1289 2092 1378 2144 καὶ
1398 2095 1589 2159 φίλον,
1628 2092 1950 2160 ἐγχειρίδιον

273 2166 543 2238 λαβόντα,
582 2167 821 2223 ἐλθόντα
852 2170 937 2224 ἐπὶ
965 2167 1061 2235 τὰς
1087 2170 1297 2240 θύρας,
1339 2176 1510 2226 εἰπεῖν
1542 2177 1592 2227 εί
1621 2176 1784 2227 ἔνδον
1821 2174 1948 2243 ε’στί,

270 2249 618 2322 βουλόμενον
644 2248 959 2306 ἀποκτεῖναι
979 2249 1152 2307 αὐτὸν
1170 2254 1408 2323 ἐκεῖνον,
1448 2252 1616 2309 ἄλλον
1637 2254 1695 2311 δὲ
1714 2257 1947 2326 μηδένα·

270 2336 326 2387 oc
348 2333 406 2389 δὲ
429 2345 591 2403 φαῖεν
612 2337 776 2389 ἔνδον
806 2332 944 2389 εἶναι
963 2369 1032 2376 -
1052 2335 1142 2390 καὶ
1164 2331 1230 2389 οὐ
1260 2338 1397 2405 λέγω
1418 2337 1632 2391 ἐθέλειν
1650 2335 1720 2391 ἄν
1739 2352 1798 2391 σε
1817 2336 1949 2391 τού-

268 2436 381 2469 των
399 2436 450 2469 τι
469 2415 753 2486 πράττειν·
793 2413 918 2470 ἀλλ’
950 2420 1023 2486 εἰ,
1066 2414 1240 2485 οἶμαι,
1279 2417 1454 2482 δόξειέ
1479 2433 1592 2488 σοι,
1616 2415 1753 2487 ὅπερ
1775 2415 1948 2472 οὐθὲν

269 2495 471 2551 κωλύει
502 2497 683 2568 δήπου
713 2503 790 2570 τῷ
816 2518 878 2567 γε
901 2494 1199 2567 ἀγνοοῦντι
1218 2497 1277 2553 τὸ
1299 2500 1583 2569 βέλτιστον
1601 2504 1947 2569 παραστῆναι

269 2577 399 2634 ποτὲ
435 2578 629 2650 δόξαν,
671 2578 810 2635 ὥστε
846 2585 1109 2651 οἰηθῆναι
1146 2582 1235 2635 καὶ
1267 2579 1328 2636 τὸ
1367 2580 1632 2637 κάκιστόν
1669 2601 1796 2637 ποτε
1819 2582 1944 2652 βέλ-

267 2678 452 2716 τιστον
473 2660 611 2716 εἶναι
627 2684 637 2694 ·
658 2657 694 2732 ἢ
714 2659 815 2716 οὐκ
836 2656 906 2716 ἂν
926 2665 1079 2717 δοκεῖ·
1094 2677 1207 2729 σοις

405 2748 522 2798 ΑΛ.
578 2742 741 2798 Πάνυ
765 2743 866 2814 μὲν
886 2737 1006 2798 οὐν.

403 2829 527 2880 ΣΩ.
585 2830 657 2881 Εί
674 2819 780 2880 οὖν
798 2825 1097 2894 παρελθών
1117 2833 1245 2881 εἴσω
1268 2827 1355 2880 καὶ
1380 2823 1516 2881 ἰδών
1535 2822 1707 2880 αὐτὸν
1727 2826 1939 2882 ἐκεῖνον
