2028 3198
272 82 373 133 158
440 48 444 49 ⁷
876 86 1346 134 ΠΛΑΤΩΝΟΣ
1431 96 1434 97 ’
1894 99 1954 143 50
2026 147 2028 151 ⁸

270 214 362 270 καὶ
398 223 545 308 ψυχῇ
581 217 671 270 καὶ
697 213 846 287 ἄλλῳ
878 212 1093 286 ὁτῳοῦν
1122 237 1226 271 ουκ
1263 218 1420 283 ένίζει
1446 215 1648 290 ”Ερως,
1687 216 1755 276 οὗ
1791 223 1842 276 δ
1878 216 1951 278 ἄν
2025 201 2028 222 ³

272 292 519 366 εὐανθής
555 317 611 350 τε
647 296 737 350 καὶ
771 293 980 366 εὐῶδης
1018 318 1181 362 τοπος
1217 292 1254 370 ᾗ
1265 340 1279 368 ,
1323 302 1568 355 ἐνταῦθα
1605 303 1695 363 καὶ
1731 305 1826 368 ἵζει
1863 307 1951 358 καὶ

270 382 435 448 μένει.

413 462 542 512 XIX.
616 460 754 526 Περὶ
792 458 893 527 μὲν
929 453 1036 514 οὖν
1073 457 1311 525 κάλλους
1346 467 1446 516 τοῦ
1482 469 1625 517 θεοῦ
1656 466 1745 519 καὶ
1777 463 1945 519 ταῦθ’

273 537 434 595 ἱκανὰ
457 539 547 593 καὶ
567 542 643 592 ἔτι
662 539 838 593 πολλοὶ
860 545 1115 607 λείπεται,
1136 543 1260 611 περὶ
1281 544 1340 596 δὲ
1359 540 1798 616 ἀρετῆς”Ερωτος
1816 546 1947 616 μετὰ

270 629 442 676 ταῦτα
462 623 685 676 λεκτέον
699 662 713 689 ,
734 617 793 674 τὸ
816 618 916 690 μὲν
938 622 1194 690 μέγιστον
1216 620 1478 694 ὅτι”Ερως
1499 622 1617 679 οὔτ’
1639 624 1818 681 ἀδικεῖ
1835 625 1948 680 οὔτ’

272 702 538 758 ἀδικεῖται
557 700 692 758 οὔθ’
717 700 824 757 ὑπὸ
846 708 991 757 θεοῦ
1011 702 1139 758 οὔτε
1157 704 1326 774 θεόν,
1365 703 1494 760 οὔθ’
1522 705 1615 760 ὑπ’
1641 706 1949 776 ἀνθρώπου

272 783 398 839 οὔτε
420 783 742 852 ἄνθρωπον.
785 783 912 838 οὔτε
931 782 1039 855 γὰρ
1061 782 1226 850 αὐτὸς
1246 791 1339 858 βίᾳ
1362 787 1571 858 πάσχει,
1596 795 1711 843 εἴτι
1731 787 1922 858 πάσχει
1936 809 1947 820 ·

207 875 240 915 G
271 871 362 936 βία
391 863 744 936 γὰρ”Ερωτος
765 863 865 935 οὐχ
887 863 1134 920 ἅπτεται·
1170 867 1297 923 οὔτε
1317 876 1494 924 ποιῶν
1513 882 1680 926 ποιεῖ·
1717 876 1824 935 πᾶς
1842 868 1948 939 γὰρ
2015 883 2028 939 ‚³

271 946 413 1003 ἑκῶν
436 946 635 1016 Ἕρωτι
668 953 780 1001 πᾶν
811 945 1094 1018 ὑπηρετεῖ,
1134 946 1167 1002 ἃ
1198 948 1249 1003 δ’
1285 946 1355 1004 ἂν
1387 950 1528 1006 ἑκῶν
1549 951 1728 1006 ἑκόντι
1747 949 1948 1021 ὁμολο-

266 1030 438 1105 γήσῃ,
477 1031 649 1098 φασὶν
680 1032 736 1083 οἱ
752 1029 961 1093 πόλεως
979 1035 1207 1100 βασιλῆς
1225 1032 1387 1102 νόμοι
1408 1036 1588 1087 δίκαια
1609 1031 1759 1087 εἶναι.
1810 1030 1947 1101 πρὸς

271 1109 328 1165 δὲ
363 1115 427 1181 τῇ
468 1111 793 1181 δικαιοσύνῃ
832 1110 1198 1182 σωφροσύνης
1233 1118 1484 1184 πλείστης
1521 1119 1739 1184 μετέχει.
1811 1113 1948 1169 εἶναι
2025 1148 2028 1173 ;

268 1193 374 1261 γὰρ
406 1188 749 1261 ὁμολογεῖται
779 1192 1117 1262 σωφροσύνη
1146 1192 1204 1247 τὸ
1239 1206 1459 1264 κρατεῖν
1477 1193 1700 1265 ἡδονῶν
1720 1197 1811 1250 καὶ
1831 1197 1949 1250 ἐπι-

269 1273 763 1343 θυμιῶν,’Έρωτος
784 1274 842 1328 δὲ
861 1277 1130 1344 μηδεμίαν
1149 1273 1358 1346 ἡδονὴν
1379 1282 1604 1345 κρείττω
1626 1275 1786 1331 εἶναι·
1822 1280 1871 1331 εἰ
1891 1277 1948 1331 δὲ
2020 1275 2028 1366 Ξ

267 1354 492 1425 «ἥττους,
533 1353 808 1424 κρατοῖντ’
833 1350 905 1409 ἀν
924 1352 1303 1424 ὑπὸἝρωτος,
1341 1353 1370 1411 ὁ
1392 1358 1451 1413 δὲ
1469 1369 1688 1426 κρατοῖ,
1729 1364 1945 1427 κρατῶν

270 1435 327 1490 δὲ
357 1433 577 1506 ἡδονῶν
606 1438 696 1490 καὶ
727 1438 1039 1506 ἐπιθυμιῶν
1070 1435 1096 1491 ὁ
1122 1436 1290 1507 Ἔρως
1322 1439 1694 1508 διαφερόντως
1729 1435 1800 1493 ἀν
1838 1457 1948 1492 σω-
2014 1503 2017 1507 .

2020 1289 2028 1346 ¹,

2018 1478 2028 1528 i

269 1528 484 1587 φρονοῖ.
543 1519 633 1571 καὶ
658 1516 767 1588 μὴν
788 1525 863 1582 εἴς
882 1539 942 1586 γε
964 1515 1431 1591 ἀνδρείανἝρωτι
1451 1518 1580 1575 οὐδὲ
1594 1520 1762 1591 ’Ἄρης
1782 1518 1946 1574 ἀνθί-
2024 1542 2028 1548 ·

205 1612 241 1652 D
276 1616 480 1653 σταται.
518 1596 585 1653 οὐ
604 1598 709 1669 γάρ
729 1599 1225 1670 ἔχει”ΕρωταἏρης
1239 1644 1252 1669 ,
1273 1600 1942 1673 ἀλλ”Έρως’Ἀρη,Ἀφρο-

269 1684 443 1751 δίτης,
482 1677 555 1744 ῶς
586 1681 774 1750 λόγος·
813 1690 1075 1750 κρείττων
1107 1684 1165 1738 δὲ
1194 1681 1221 1738 ὁ
1247 1688 1385 1753 ἔχων
1404 1689 1506 1738 τοῦ
1526 1685 1810 1753 ἐχομένου·
1846 1688 1947 1737 τοῦ

270 1759 319 1814 δ’
344 1760 740 1832 ἀνδρειοτάτου
760 1770 873 1818 τῶν
893 1763 1078 1819 ἄλλων
1099 1771 1319 1835 κρατῶν
1338 1765 1565 1820 πάντων
1594 1761 1629 1818 ἀ
1636 1787 1665 1819 ν
1693 1763 1947 1835 ἀνδρειό-

271 1862 429 1905 τατος
449 1849 547 1911 εἰη.
598 1844 722 1911 περὶ
740 1866 842 1912 μεν
862 1839 967 1898 οὖν
989 1846 1343 1915 δικαιοσύνης
1364 1847 1454 1901 καὶ
1474 1844 1839 1916 σωφροσύνης
1857 1846 1946 1899 καὶ

269 1921 524 1990 ἀνδρείας
542 1930 643 1976 τοῦ
662 1930 804 1978 θεοῦ
825 1931 1062 2024 εἰρηται,
1083 1928 1206 1991 περὶ
1227 1925 1286 1979 δε
1307 1932 1503 1994 σοφιας
1522 1933 1785 1981 λείπεται
1810 1925 1946 1980 ὅσον

269 2006 372 2059 οὐν
405 2004 675 2072 δυνατόν,
714 2007 1001 2072 πειρατέον
1030 2006 1102 2075 μὴ
1137 2008 1419 2060 ἐλλείπειν.
1473 2007 1564 2060 καὶ
1584 2011 1803 2073 πρῶτον
1825 2008 1943 2074 μέν,

264 2081 338 2139 ἵν’
363 2077 436 2138 αὖ
457 2084 547 2139 καὶ
566 2082 671 2154 ἐγώ
690 2083 793 2155 τὴν
811 2085 1078 2156 ἡμετέραν
1098 2089 1293 2157 τέχνην
1312 2087 1519 2157 τιμήσω
1542 2085 1724 2153 ῶσπερ
1743 2085 1946 2155 Ἐρυξί-

205 2183 239 2223 Ε
270 2187 439 2236 μαχος
467 2166 569 2236 τὴν
597 2162 799 2236 αὑτοῦ,
838 2166 1062 2238 ποιητὴς
1091 2167 1119 2222 ὁ
1153 2167 1288 2233 θεὸς
1306 2167 1480 2239 σοφὸς
1500 2167 1676 2231 οὕτως
1699 2166 1834 2221 ῶστε
1855 2168 1947 2222 καὶ

267 2246 438 2301 α’λλον
457 2253 707 2318 ποιῆσαι·
748 2268 855 2312 πας
873 2254 1017 2317 γοῦν
1038 2249 1263 2320 ποιητὴς
1280 2255 1552 2320 γίγνεται,
1574 2247 1683 2305 κάν
1703 2248 1946 2320 ἄμουσος

265 2322 300 2400 ᾗ
320 2326 379 2382 τὸ
402 2333 561 2398 πρίν,
584 2321 652 2382 οὗ
672 2324 743 2383 ἀν
748 2328 926 2396 ’Ἑρως
945 2329 1162 2401 ἅψηται.
1206 2324 1252 2404 ᾦ
1271 2329 1337 2401 δὴ
1359 2333 1552 2399 πρέπει
1570 2329 1714 2432 ἡμᾶς
1732 2351 1944 2401 μαρτυ-

267 2416 366 2480 ρίῳ
395 2415 662 2478 χρῆσθαι,
700 2432 783 2465 οτι
784 2430 1036 2510 ποιητης
1067 2408 1096 2466 ὁ
1114 2410 1287 2482 ”Epeos
1318 2410 1531 2482 ἀγαθὸς
1566 2415 1628 2468 ἐν
1664 2417 1944 2484 κεφαλαίω
2008 2463 2011 2471 ,

266 2494 452 2543 πᾶσαν
482 2495 705 2550 ποίησιν
735 2489 839 2562 τὴν
868 2491 1006 2547 κατὰ
1036 2494 1336 2564 μουσικήν·
1376 2517 1409 2548 α
1442 2493 1547 2563 γάρ
1581 2515 1661 2557 τις
1688 2489 1725 2563 ἡ
1744 2492 1816 2562 μὴ
1838 2498 1943 2562 ἔχει

148 2586 232 2632 197
263 2565 298 2640 ἦ
317 2570 388 2640 μὴ
409 2569 574 2640 οἶδεν,
593 2570 703 2626 οὔτ’
725 2568 796 2626 ἀν
816 2575 978 2647 ἑτέρω
1003 2577 1122 2644 δοίη
1146 2572 1263 2629 οὔτ’
1287 2571 1358 2630 ἀν
1376 2573 1547 2630 ἄλλον
1568 2573 1813 2638 διδάξειε.
1852 2572 1943 2626 καὶ
2011 2607 2015 2654 5

264 2651 366 2719 μὲν
396 2651 462 2721 δὴ
494 2652 596 2723 τήν
624 2674 687 2722 γε
717 2659 831 2708 τῶν
851 2655 1006 2719 ζῶων
1026 2661 1249 2726 ποίησιν
1269 2657 1494 2710 πάντων
1514 2661 1590 2718 τίς
1610 2652 1941 2709 ἐναντιῶσε--

264 2753 350 2787 ται
376 2730 447 2803 μὴ
481 2730 603 2802 οὐχὶ
614 2732 847 2801 ’Ἑρωτος
868 2734 1005 2789 εἶναι
1025 2741 1229 2805 σοφίαν
1246 2778 1259 2804 ,
1297 2729 1335 2808 ᾗ
1355 2739 1600 2806 γίγνεταί
1614 2754 1671 2788 τε
1690 2735 1779 2788 καὶ
1801 2753 1942 2803 φυε-
