2028 3198
196 128 296 180 190
782 133 953 179 HAA
970 131 1142 180 ΤΩΝ
1159 115 1264 180 οΣ
1811 141 1870 184 52
1951 108 1956 109 ⁷

193 265 488 334 ραβάλλειν
507 262 579 333 μὴ
602 261 706 317 οὐκ
727 266 781 328 ἐξ
799 271 926 318 ἴσου
943 256 993 336 ᾗ.
1033 265 1124 319 καὶ
1144 262 1285 334 ἅμα,
1325 255 1368 319 ὦ
1386 264 1647 336 μακάριε,
1686 272 1864 322 πείθει

128 358 163 398 D
191 350 246 399 τί
271 363 331 400 σε
361 343 662 414 Σωκράτης
693 366 773 398 ων
793 342 917 413 ἄρτι
945 342 1119 409 εἶπεν;
1155 340 1192 415 ἦ
1222 343 1456 400 οἷσθα”
1423 366 1507 400 οτι
1537 343 1866 402 τούναντίον

192 427 302 481 ἐστὶ
322 421 484 495 πᾶνῆ
514 422 545 480 ὃ
574 428 790 495 ἕλεγεν;
827 419 989 491 οὗτος
1015 427 1148 497 γάρ,
1186 426 1284 481 ἐάν
1309 448 1433 481 τινα
1462 425 1566 497 ἐγώ
1598 429 1866 484 ἐπαινέσω

190 508 393 563 τούτου
423 507 698 576 παρόντος
733 503 770 578 ἢ
798 506 938 562 θεὸν
965 503 1002 578 ἦ
1042 506 1350 576 ἄνθρωπον
1379 507 1553 563 ἄλλον
1580 504 1617 580 ἦ
1645 516 1861 570 τοῦτον,

190 586 293 644 οὐκ
313 588 573 660 άφέξεταί
586 611 695 660 μου
715 588 790 645 τω
810 601 968 660 χεῖρε.
1049 587 1170 645 Οὐκ
1192 587 1552 660 εὐφημήσεις;
1574 590 1747 659 φάναι
1765 589 1863 646 τὸν

188 671 478 741 Σωκράτη.
562 670 665 726 Μά
706 670 807 726 τὸν
844 674 1122 741 Ποσειδῶ,
1164 674 1337 725 εἰπεῖν
1369 668 1468 725 τὸν
1499 668 1861 743 Ἀλκιβιάδην,

187 750 359 821 μηδὲν
390 754 513 821 λέγε
533 751 671 821 πρὸς
690 758 863 807 ταῦτα
878 795 893 822 ,
934 751 1007 817 ὠς
1037 750 1143 822 ἐγώ
1166 748 1287 806 οὐδ’
1310 747 1382 806 ἂν
1402 753 1498 806 ἕνα
1518 751 1689 806 ἄλλον
1708 755 1859 808 ἐπαι-

187 833 402 902 νέσαιμι
425 839 530 887 σοῦ
551 833 842 901 παρόντος.
879 832 1022 890 Ἀλλ’
1043 832 1191 888 οὕτω
1212 838 1381 904 ποίει,
1404 833 1576 903 φάναι
1595 831 1696 888 τὸν
1709 832 1864 904 Ἐρυ-

187 917 439 984 ξίμαχον,
479 918 528 969 εἰ
553 914 768 985 βούλει·
806 915 1080 985 Σωκράτη
1115 917 1422 970 ἐπαίνεσον.
1496 921 1626 979 Πῶς
1663 919 1862 984 λέγειςς

187 999 357 1049 εἰπεῖν
375 993 476 1050 τὸν
491 993 863 1067 Ἀλκιβιάδην·
891 999 1046 1051 δοκεῖ
1057 1003 1278 1066 χρῆναι,
1304 990 1347 1050 ὦ
1367 994 1708 1067 Ἐρυξίμαχες
1746 999 1863 1051 ἐπι-

122 1086 154 1126 Ε
185 1081 374 1146 θῶμαι
403 1082 482 1150 τῷ
505 1075 667 1145 ἀνδρὶ
695 1078 787 1133 καὶ
817 1077 1206 1148 τιμωρήσωμαι
1234 1075 1395 1147 ὑμῶν
1423 1080 1704 1144 ἐναντίους
1745 1071 1858 1132 Οὗ-

184 1178 293 1228 τος,
317 1155 490 1227 φάναι
508 1156 608 1213 τὸν
626 1160 918 1230 Σωκράτη,
941 1165 995 1214 τί
1009 1161 1069 1214 ἐν
1084 1166 1162 1233 νῷ
1182 1164 1342 1229 ἔχεις;
1363 1162 1449 1214 ἐπὶ
1466 1159 1532 1214 τὰ
1549 1159 1861 1229 γελοιότερά

128 1313 131 1314 ⁷
185 1259 250 1308 με
279 1239 604 1310 ἐπαινέσεις,
641 1236 678 1310 ἦ
706 1246 761 1295 τί
783 1241 1053 1311 ποιήσεις;
1097 1239 1327 1311 Τάληθῆ
1366 1243 1486 1308 ἐρῶ.
1527 1239 1649 1295 ἀλλ’
1684 1239 1787 1309 ὅρα
1818 1245 1864 1295 εἰ

186 1326 399 1391 παρίης.
472 1318 633 1376 Ἀλλά
652 1323 866 1392 μέντοι,
908 1322 1109 1392 φάναι,
1147 1320 1213 1376 τά
1233 1343 1294 1390 γε
1314 1320 1499 1392 ἀληθῆ
1523 1326 1751 1392 παρίημι
1772 1322 1862 1376 καὶ

186 1403 393 1457 κελεύω
412 1406 607 1472 λέγειν.
686 1402 807 1460 Οὐκ
838 1400 911 1459 ἂν
941 1404 1244 1475 φθάνοιμι,
1285 1409 1459 1459 εἰπεῖν
1476 1404 1574 1459 τὸν
1591 1402 1859 1475 Ἀλκιβιά-

187 1488 304 1553 δην.
344 1485 435 1539 καὶ
464 1487 652 1555 με’ντοι
684 1483 884 1541 οὑτωσὶ
915 1492 1161 1557 ποίησον.
1200 1484 1300 1542 ἐάν
1316 1508 1368 1540 τι
1386 1484 1458 1557 μὴ
1481 1485 1685 1556 άληθὲς
1703 1488 1861 1555 λέγω,

186 1563 386 1635 μεταξὺ
407 1567 690 1639 ἐπιλαβοῦ,
713 1564 784 1622 ἂν
804 1568 980 1639 βούλῃ
994 1610 1007 1637 ,
1030 1569 1123 1623 καὶ
1146 1566 1258 1623 εἰπὲ
1280 1566 1363 1622 ὅτι
1380 1574 1542 1622 τοῦτο
1563 1567 1859 1637 ψεύδομαι·

70 1663 156 1708 215
186 1648 330 1702 ἑκών
356 1646 464 1718 γὰρ
497 1647 638 1704 εἶναι
667 1646 832 1704 οὐδὲν
869 1649 1158 1719 ψεύσομαι.
1198 1647 1295 1705 ἐὰν
1332 1651 1518 1720 μέντοι
1555 1647 1856 1719 άναμιμνη-

190 1730 457 1799 σκόμενος
476 1728 610 1785 ἄλλο
631 1728 874 1786 ἄλλοθεν
893 1731 1062 1801 λε’γω,
1101 1730 1272 1802 μηδὲν
1299 1731 1619 1802 θαυμάσῃς·
1661 1727 1729 1785 οὐ
1756 1729 1862 1798 γάρ

186 1832 238 1865 τι
266 1810 462 1883 ῥᾴδιον
490 1810 592 1882 την
622 1812 727 1881 σὴν
756 1810 988 1866 ἀτοπίαν
1010 1805 1112 1866 οἷδ’
1142 1816 1319 1882 ἔχοντι
1347 1810 1598 1882 εὐπόρως
1625 1812 1715 1866 καὶ
1734 1813 1864 1880 ἐφε-

189 1898 280 1962 ξῆς
299 1898 720 1962 καταριθμῆσαι.

328 1975 532 2027 XXXII.
601 1973 874 2043 Σωκράτη
900 1972 952 2027 δ’
976 1973 1080 2042 ἐγω
1102 1977 1364 2044 ἐπαινεῖν,
1387 1996 1429 2028 ω
1454 1974 1666 2044 άνδρες,
1689 1973 1862 2037 οὕτως

188 2053 541 2125 ἐπιχειρήσω,
577 2053 651 2109 δι’
673 2054 922 2110 εἰκόνων.
945 2056 1105 2119 οὗτος
1126 2078 1225 2125 μεν
1246 2057 1351 2110 οὐν
1369 2063 1498 2119 ἴσως
1517 2054 1757 2155 οἰήσεται
1774 2054 1862 2108 ἐπὶ

188 2158 254 2191 τα
293 2135 638 2207 γελοιότερα,
678 2141 827 2191 ε’σται
858 2133 908 2190 δ’
946 2133 975 2206 ἡ
999 2133 1163 2190 εἰκών
1182 2143 1283 2190 τοῦ
1301 2134 1588 2206 άληθοῦς
1566 2138 1754 2204 ε’νεκα,
1794 2132 1860 2189 οὗ

187 2223 288 2272 τοῦ
307 2223 540 2287 γελοίου.
565 2220 703 2289 φημὶ
718 2215 825 2288 γὰρ
847 2215 913 2288 δὴ
934 2215 1258 2288 ὁμοιότατον
1273 2216 1446 2274 αὐτὸν
1462 2217 1602 2273 εἶναι
1618 2228 1730 2280 τοῖς
1749 2232 1863 2271 σει-

122 2315 156 2356 Β
188 2306 373 2369 ληνοῖς
408 2299 627 2364 τούτοις
661 2310 773 2363 τοῖς
809 2301 871 2355 ἐν
906 2310 1018 2363 τοῖς
1056 2299 1470 2370 ἐρμογλυφείοις
1506 2302 1859 2370 καθημένοις,

189 2379 288 2445 οὕς
315 2401 467 2445 τινας
495 2380 812 2450 ἐργάζονται
841 2384 896 2436 οἱ
924 2382 1247 2452 δημιουργοὶ
1286 2381 1549 2452 σύριγγας
1586 2377 1623 2451 ἢ
1657 2377 1861 2444 αὐλοὺς

187 2468 436 2534 ἔχοντας,
477 2468 533 2518 οἳ
557 2463 742 2533 διχάδε
762 2466 1092 2534 διοιχθέντες
1120 2469 1414 2534 φαίνονται
1434 2467 1670 2519 ἔνδοθεν
1689 2460 1859 2532 ἀγάλ-

188 2568 330 2616 ματα
361 2549 576 2616 ἔχοντες
603 2556 770 2604 θεων.
811 2551 901 2605 καὶ
931 2551 1071 2621 φημὶ
1101 2572 1173 2605 αυ
1202 2552 1437 2606 ἐοικέναι
1465 2548 1636 2604 αὐτὸν
1664 2554 1740 2618 τῷ
1760 2565 1850 2602 σα-

187 2627 335 2702 τύρω
355 2649 431 2683 τω
451 2630 715 2702 Μαρσύα.
757 2630 840 2685 ὅτι
861 2635 962 2701 μὲν
991 2633 1099 2687 οὐν
1126 2632 1189 2688 τό
1215 2653 1276 2701 γε
1299 2629 1481 2696 εἶδος
1460 2629 1645 2701 όμοιος
1664 2628 1712 2684 εἶ
1727 2627 1856 2683 τού-

186 2730 324 2778 τοις,
367 2732 410 2765 ω
443 2709 764 2780 Σώκρατες,
804 2710 928 2767 οὐδ’
967 2711 1132 2778 αὐτὸς
1163 2713 1232 2784 δή
1260 2734 1370 2769 που
1397 2709 1854 2783 άμφισβητήσαις·

186 2789 259 2855 ὡς
279 2791 338 2847 δὲ
365 2793 457 2848 καὶ
476 2786 647 2849 τᾶλλα
669 2798 874 2864 ἔοικας,
913 2793 1045 2864 μετὰ
1076 2801 1240 2851 τοῦτο
1270 2794 1454 2850 ἄκουε.
1495 2790 1754 2863 ὑβριστὴς
1783 2790 1853 2847 εἶ·
