2028 3198
12 0 60 34 f(
87 0 92 2 '

28 77 85 136 ιι
597 84 1129 134 ΣΥΜΠΟΣΙΟΝ.
1603 83 1706 136 179

29 218 243 289 ποιηταὶ
278 213 402 272 ἀλλ’
431 214 572 272 ἄλλα
598 219 820 286 ἔχουσιν
848 212 1121 286 ὀνόματα,
1160 214 1268 272 ἀπὸ
1302 215 1362 272 δὲ
1398 218 1577 289 πάσης
1610 224 1705 290 τῆς

29 298 298 370 ποιήσεως
328 300 391 353 ἓν
417 297 618 368 μόριον
645 294 959 366 ἆφορισθὲν
976 295 1038 353 τό
1060 300 1183 367 περὶ
1200 296 1304 369 τὴν
1321 298 1598 370 μουσικὴν
1615 303 1707 356 καὶ

6 388 7 392 ’
29 378 93 435 τὰ
122 383 292 450 μέτρα
318 385 398 452 τῷ
422 385 525 434 τοῦ
553 375 690 433 ὅλου
708 374 939 448 ὀνόματι
957 379 1441 449 προσαγορεύεται.
1493 387 1708 451 ποίησις

30 460 135 531 γὰρ
154 467 319 516 τοῦτο
339 458 513 531 μόνον
529 466 771 515 καλεῖται
783 502 798 529 ,
830 461 920 514 καὶ
939 462 997 516 οἰ
1009 464 1223 529 ἔχοντες
1240 466 1404 516 τοῦτο
1423 457 1485 516 τὸ
1506 461 1706 531 μόριον

27 548 123 614 τῆς
149 540 419 612 ποιήσεως
444 546 675 611 ποιηταί.
727 539 930 612 Ἀληθῆ
952 545 1151 612 λέγεις,
1190 547 1348 613 ἔφην.
1407 541 1572 598 Οὕτω
1590 549 1707 599 τοί-

0 627 3 670 f
28 645 136 680 νυν
161 625 253 679 καὶ
281 623 407 691 περὶ
435 620 533 678 τὸν
562 627 763 690 ἔρωτα·
801 620 862 678 τὸ
893 624 996 693 μὲν
1022 621 1327 692 κεφάλαιόν
1359 627 1471 679 ε’στι
1499 622 1700 695 πᾶσαὴ
1731 633 1767 674 D

0 687 4 738 ¹*
23 713 136 763 τῶν
153 704 388 777 ἀγαθῶν
405 708 673 776 ἐπιθυμία
695 707 907 761 καὶτοῦ
925 704 1305 781 εὐδαιμονεῖν,
1328 704 1357 762 ὁ
1377 708 1628 778 μέγιστός
1646 731 1704 764 τε

26 790 115 845 καὶ
153 786 377 858 δολερὸς
411 793 548 855 ἔρως
582 792 774 842 παντί·
813 784 937 842 αλλ’
978 791 1035 842 oc
1066 809 1167 857 μεν
1203 787 1343 859 ἄλλῃ
1378 790 1705 860 τρεπόμενοι

0 847 4 933 1
25 877 274 943 πολλαχῇ
304 868 391 925 ἐπ’
415 868 616 940 αὐτόν,
644 864 682 939 ἢ
700 867 838 924 κατὰ
857 867 1234 939 χρηματισμὸν
1252 865 1289 939 ἦ
1307 891 1445 924 κατα
1469 877 1703 941 φιλογυ-

0 939 295 1023 ἷμναστίαν
324 947 361 1020 ἦ
389 950 528 1006 κατὰ
559 955 923 1051 φιλοσοφίαν,
961 947 1062 1005 οὔτ
1070 949 1242 1024 ἐ’ρᾷν
1258 957 1559 1006 καλοῦνται
1579 950 1703 1006 οὔτ’

0 1038 3 1104 j
27 1035 274 1102 ἐρασταί,
295 1035 350 1088 οἰ
366 1034 425 1089 δε
443 1055 580 1088 κατα
602 1034 664 1088 ἓν
682 1056 732 1088 τι
753 1031 936 1097 εἶδος
917 1031 1090 1097 ιόντες
1111 1054 1170 1088 τε
1188 1035 1280 1088 καὶ
1300 1034 1704 1098 ἐσπουδακότες

0 1105 2 1161 ἶ
27 1113 86 1170 τὸ
118 1122 218 1171 τοῦ
246 1112 384 1170 ὅλον
413 1114 592 1186 ὄνομα
612 1123 888 1185 ἴσχουσιν,
926 1114 1102 1183 ἔρωτά
1122 1136 1180 1170 τε
1198 1115 1291 1171 καὶ
1311 1117 1448 1188 ἐρᾷν
1465 1117 1602 1172 καὶ’
1576 1137 1704 1184 ερα-

22 1202 159 1252 σταί.
190 1197 554 1261 Κινδυνεύεις
574 1195 785 1267 ἀληθῆ,
807 1201 949 1266 ἔφην
967 1195 1092 1268 ἐγώ,
1120 1192 1311 1267 λέγειν.
1363 1198 1474 1253 Καὶ
1492 1202 1705 1268 λέγεται

21 1282 124 1349 μέν
140 1280 206 1348 γέ
220 1301 327 1348 τις,
366 1282 471 1349 ἔφη
487 1321 501 1349 ,
544 1278 731 1348 λόγος,
773 1276 845 1343 ὡς
864 1284 920 1334 οἳ
934 1274 1006 1332 ἂν
1025 1277 1083 1332 τὸ
1105 1277 1277 1349 ἥμισυ
1295 1279 1510 1335 ἑαυτῶν
1529 1284 1700 1352 ζητῶ-

22 1379 140 1428 σιν,
178 1353 335 1415 οὗτοι
364 1362 591 1427 ἐρῶσιν·
631 1359 660 1415 ὁ
693 1359 746 1415 δ’
776 1358 906 1430 ἐμὸς
934 1360 1096 1429 λόγος
1124 1357 1259 1415 οὔθ’
1290 1357 1510 1432 ἡμίσεός
1530 1380 1703 1433 φησιν

21 1439 161 1499 εἶναι
178 1439 281 1497 τὸν
303 1445 479 1510 ἔρωτα
508 1440 645 1496 οὔθ’
678 1439 840 1512 ὅλου,
884 1440 983 1497 ἐὰν
1014 1441 1087 1513 μὴ
1118 1442 1362 1516 τυγχάνῃ
1389 1444 1455 1513 γε’
1480 1463 1619 1514 που,
1659 1437 1707 1498 ὦ

19 1524 225 1593 ἑταῖρε,
264 1521 486 1594 ἀγαθὸν
514 1523 608 1579 ὅν·
648 1526 761 1579 ἐπεὶ
790 1522 979 1579 αὐτῶν
1008 1546 1070 1594 γε
1101 1525 1194 1579 καὶ
1221 1524 1395 1588 πόδας
1414 1526 1504 1580 καὶ
1521 1536 1703 1595 χεῖρας

19 1606 313 1661 ἐθέλουσιν
343 1603 753 1676 ἀποτέμνεσθαι
783 1609 838 1661 οἱ
862 1604 1181 1676 ἅνθρωποι,
1221 1603 1320 1661 ἐὰν
1349 1603 1534 1671 αὐτοῖς
1565 1610 1704 1679 δοκῇ

19 1685 83 1742 τὰ
106 1687 320 1742 ἑαυτῶν
338 1686 555 1758 πονηρὰ
576 1686 733 1743 εἶναι.
787 1685 856 1742 οὐ
875 1685 979 1758 γὰρ
1000 1685 1059 1742 τὸ
1083 1688 1323 1759 ἑαυτῶν,
1363 1686 1538 1758 οἶμαι,
1570 1689 1700 1744 ἕκα-

18 1785 137 1824 στοι
155 1766 519 1840 ἀσπάζονται,
545 1768 684 1839 εἰμὴ
707 1778 758 1826 εἰ
774 1792 855 1834 τις
872 1768 932 1825 τὸ
951 1769 1053 1840 μὲν
1075 1767 1298 1839 ἀγαθὸν
1315 1774 1521 1826 οἰκεῖον
1542 1779 1705 1826 καλεῖ·

17 1851 111 1905 καὶ
147 1851 379 1921 ἑαυτοῦ,
419 1850 480 1906 τὸ
519 1851 579 1908 δὲ
607 1850 785 1907 κακὸν
816 1850 1134 1919 ἀλλότριον·
1175 1849 1247 1917 ὠς
1278 1849 1445 1908 οὐδέν
1471 1874 1534 1924 γε
1562 1852 1700 1909 ἄλλο

18 1931 165 1987 ἐστὶν
191 1924 263 1987 οὗ
286 1933 488 2002 ἐρῶσιν
509 1930 803 2003 ἅνθρωποι
819 1977 832 2002 ,
871 1930 909 2005 ἦ
928 1939 1028 1990 τοῦ
1049 1931 1296 2004 ἀγαθοῦ·
1332 1930 1370 2006 ἢ
1390 1935 1478 1991 σοὶ
1497 1939 1701 1992 δοκοῦ-

15 2029 134 2080 σινς
154 2012 257 2070 Μὰ
274 2012 368 2070 Δί’
394 2013 498 2071 οὐκ
519 2020 730 2086 ἔμοιγε,
749 2010 822 2088 ἦν
843 2015 895 2072 δ’
916 2015 1038 2087 ἐγώ.
1084 2011 1200 2085 Ἆρ’
1223 2010 1356 2086 οὖν,
1376 2010 1415 2088 ἦ
1437 2015 1488 2072 δ’
1512 2016 1576 2088 ἦ,
1598 2016 1701 2073 οὕ-

8 2113 120 2162 τως
139 2093 355 2152 ἁπλοῦν
373 2098 484 2153 ἐστὶ
502 2103 698 2170 λέγειν,
722 2096 806 2154 ὅτι
824 2102 880 2154 οἰ
893 2097 1185 2167 ἅνθρωποι
1201 2104 1302 2154 τοῦ
1317 2095 1541 2168 ἆγαθοῦ
1560 2100 1702 2167 ε’ροῖ-

1 2197 8 2203 ·
51 2200 133 2243 ι-ν;
152 2182 296 2247 Ναί,
318 2182 474 2249 ἔφην.
520 2184 591 2235 Τί
606 2183 687 2244 δές
709 2179 778 2235 οὐ
797 2183 1167 2249 προσθετέον,
1191 2185 1325 2251 ἔφη,
1347 2178 1431 2235 ὅτι
1450 2181 1541 2236 καὶ
1561 2180 1700 2235 εἶναι

57 2257 70 2275 “
103 2256 326 2329 ἀγαθὸν
354 2257 541 2325 αὐτοῖς
570 2264 797 2330 &pabeam
833 2262 1207 2331 Προσθετέον.
1256 2255 1372 2330 Ἆρ’
1396 2255 1529 2332 οὖν,
1573 2266 1696 2334 ἔφη,

86 2338 192 2397 ἰού
209 2340 388 2411 μόνον
405 2340 562 2413 εἶναι,
582 2341 719 2399 ἀλλὰ
741 2346 831 2399 καὶ
851 2342 934 2400 ἀεὶ
955 2342 1119 2409 εἷναι;
1144 2346 1251 2399 Καὶ
1268 2350 1431 2400 τοῦτο
1450 2347 1700 2415 προσθεὲ-

16 2425 154 2485 τίον.
196 2421 383 2479 Ἔστιν
402 2422 510 2492 ὅρα
532 2425 873 2497 ξυλλήβδην,
903 2430 1036 2497 ἔφη,
1067 2423 1096 2481 ὁ
1118 2430 1255 2496 ἔρως
1272 2433 1374 2482 τοῦ
1393 2424 1454 2483 τὸ
1476 2425 1698 2499 ἀγαθὰν

19 2501 165 2579 αὖτῷ
188 2503 328 2560 εἶναι
345 2503 445 2561 ἀεί.
501 2503 897 2578 Ἀληθὲστατα,
929 2511 1072 2580 ἔφην
1090 2508 1225 2580 ἐγώ,
1249 2509 1439 2580 λέγεις.

152 2590 315 2645 XXV.
375 2585 499 2643 Ὅτε
522 2586 589 2659 δὴ
612 2588 816 2645 τούτου
835 2587 865 2644 ὁ
886 2594 1022 2659 ἔρως
1046 2592 1193 2647 ἐστὶν
1211 2588 1357 2662 [αἐιΊ,
1379 2585 1415 2663 ἦ
1434 2589 1487 2647 δ’
1506 2589 1561 2663 ἦ,
1584 2596 1698 2646 τῶν

16 2669 136 2724 τίνα
165 2668 375 2739 τρόπον
405 2670 725 2726 διωκόντων
745 2668 879 2727 αὐτὸ
901 2673 1070 2728 καὶέν
1087 2678 1193 2729 τίνι
1212 2673 1406 2743 πράξει
1423 2669 1458 2744 ἡ
1478 2669 1694 2742 σπονδὴ

16 2748 107 2806 καὶ
131 2746 166 2821 ἦ
199 2750 455 2818 ξύντασις
482 2756 619 2822 ἔρως
638 2750 712 2809 ἂν
728 2759 975 2819 καλοῖτο;
1016 2761 1071 2811 τί
1084 2762 1248 2812 τοῦτο
1269 2754 1527 2862 τνγχεένει
1547 2749 1614 2810 ὂν
1629 2754 1692 2810 τό

1345 2838 1398 2880 12

1734 1292 1768 1332 E

1731 1944 1816 1992 206

1730 2601 1761 2642 B
