2028 3198
354 126 419 178 14
959 123 1435 172 ΠΛΑΤΩΝΟΣ

491 265 575 314 ΙΧ.
656 264 841 312 Ταῦτα
873 255 938 327 δὴ
964 255 1211 318 εἰπόντος
1230 261 1331 309 τοῦ
1351 255 1636 325 Ζήνωνος,
1674 259 1777 325 ἔφη
1798 251 1827 308 ὁ
1851 253 2015 310 'Avu-

354 348 480 412 φῶν
500 340 674 409 φάναι
690 337 788 394 τὸν
800 337 1170 406 Πυθόδωρον,
1191 334 1362 390 αὐτόν
1379 357 1438 391 τε
1458 339 1677 391 δεῖσθαι
1693 342 1793 390 τοῦ
1801 342 2024 406 Παρμε-

353 425 514 477 νίδου
533 421 623 474 καὶ
641 417 741 474 τὸν
756 419 1090 488 Ἀριστοτέλη
1110 418 1201 473 καὶ
1223 415 1353 482 τοῦς
1371 417 1600 486 ἄλλους,
1631 420 1975 482 ἐνδείξασθαι
1994 417 2025 472 ὃ

352 502 502 570 λέγοι
520 503 609 555 καὶ
629 498 700 571 μὴ
725 497 902 564 ἄλλως
921 510 1114 554 ποιεῖν.
1151 498 1249 554 τὸν
1269 493 1375 553 οὖν
1385 502 1754 569 Παρμενίδην,
1772 497 2023 567 Ἀνάγκη,

245 599 323 643 ι37
352 582 553 651 φάναι,
592 587 901 636 πείθεσθαι.
959 586 1054 635 καί
1077 602 1160 635 τοι
1180 584 1327 634 δοκῶ
1345 601 1436 650 μοι
1454 579 1516 634 τὸ
1537 578 1913 650 τοῦἸβυκείου
1931 583 2023 634 ἵπ-

353 682 462 715 που
482 663 847 731 πεπονθέναι,
887 653 931 732 ᾧ
950 663 1152 723 ἐκεῖνος
1172 659 1388 732 ἀθλητῇ
1407 659 1525 715 ὅντι
1542 661 1634 715 καὶ
1652 661 2020 733 πρεσβυτέρῳ,

348 739 452 812 ὑφ’
484 741 686 813 ἅρματι
716 743 966 812 μέλλοντι
994 740 1354 811 ἀγωνιεῖσθαι
1381 742 1471 795 καὶ
1502 739 1578 795 δι’
1600 743 1881 810 ἐμπειρίαν
1901 744 2022 808 τρέ-

348 844 507 892 μοντι
532 821 592 878 τὸ
626 827 854 893 μέλλον,
893 821 1090 878 ἑαυτὸν
1117 819 1422 887 ἀπεικάζων
1450 820 1602 876 ἄκων
1623 828 1726 892 ἔφη
1746 823 1838 878 καὶ
1858 819 2021 884 αὐτὸς

350 900 496 956 οὕτω
527 902 836 972 πρεσβύτης
864 898 943 957 ῶν
974 907 1047 965 εἰς
1076 901 1175 957 τὸν
1204 906 1376 971 ἔρωτα
1406 900 1814 972 ἀναγκάζεσθαι
1854 906 2019 958 ἰέναι·

348 979 501 1052 κάγώ
521 1004 613 1052 μοι
634 986 778 1038 δοκῶ
801 988 1140 1054 μεμνημένος
1158 985 1304 1054 μάλα
1323 989 1647 1054 φοβεῖσθαι,
1670 992 1784 1048 πῶς
1803 983 1902 1054 χρὴ
1924 1005 2021 1053 τη-

353 1065 573 1119 λικόνδε
604 1062 738 1119 ὄντα
761 1069 1046 1119 διανεῦσαι
1063 1065 1317 1119 τοιοῦτόν
1337 1086 1391 1119 τε
1411 1066 1501 1120 καὶ
1519 1071 1786 1120 τοσοῦτον
1807 1071 2018 1134 πλῆθος

350 1145 532 1214 λόγων
548 1167 558 1177 ·
599 1143 746 1215 ὅμως
767 1148 913 1201 δέ-
934 1150 1019 1200 δεῖ
1030 1145 1135 1216 γάρ
1154 1150 1491 1216 χαρίζεσθαι,
1513 1146 1695 1216 ἐπειδὴ
1719 1151 1836 1216 καί,
1860 1143 1889 1200 ὃ
1907 1146 2018 1215 Ζή-

350 1248 467 1281 νων
504 1229 673 1297 λέγει,
715 1226 876 1282 αὐτοί
906 1230 1082 1297 ἐσμεν.
1148 1227 1327 1282 πόθεν
1365 1221 1468 1281 οὖν
1505 1225 1570 1297 δὴ
1613 1225 1894 1297 ἀρξόμεθα
1930 1227 2019 1282 καὶ

285 1331 314 1371 B
349 1313 405 1363 τί
430 1314 652 1378 πρῶτον
679 1306 1111 1379 ὑποθησόμεθα;
1148 1304 1184 1377 ἢ
1212 1307 1515 1378 βούλεσθε,
1554 1308 1840 1378 ἐπειδήπερ
1871 1312 2021 1363 δοκεῖ

348 1389 767 1459 πραγματειώδη
790 1388 1017 1443 παιδιάν
1034 1393 1267 1459 παίζειν,
1290 1386 1382 1443 ἀπ’
1408 1391 1647 1459 ἐμαυτοῦ
1666 1388 1909 1460 ἄρξωμαι
1927 1391 2019 1445 καὶ

343 1476 439 1540 τῆς
468 1474 708 1539 ἐμαυτοῦ
740 1467 1086 1539 ὑποθέσεως,
1125 1472 1248 1541 περὶ
1276 1476 1375 1524 τοῦ
1404 1469 1525 1533 ἐνὸς
1545 1468 1718 1524 αὐτοῦ
1737 1468 2018 1541 ὑποθέμε-

344 1572 464 1620 νος,
506 1559 610 1606 εἴτε
643 1554 705 1605 ἓν
734 1555 882 1606 ἔστιν
902 1558 1007 1606 εἴτε
1039 1549 1110 1621 μὴ
1143 1552 1231 1619 ἕν,
1270 1557 1326 1605 τί
1346 1549 1445 1621 χρὴ
1473 1554 1816 1621 ξυμβαίνειν;
1853 1550 2017 1605 Πάνυ

344 1635 443 1703 μὲν
464 1626 594 1701 οὖν,
635 1633 808 1702 φάναι
827 1631 926 1687 τὸν
944 1633 1192 1703 Ζήνωνα.
1254 1638 1346 1696 Τίς
1366 1627 1494 1693 οὖνς
1533 1638 1729 1702 εἰπεῖν,
1766 1633 1857 1702 μοὶ
1878 1629 2016 1686 ἀπο-

347 1724 632 1782 κρινεῖται;
669 1709 706 1782 ἦ
735 1710 763 1766 ὁ
795 1711 1086 1776 νεώτατος;
1113 1712 1309 1782 ἥκιστα
1328 1712 1432 1782 γὰρ
1454 1710 1524 1767 ἄν
1546 1720 2014 1783 πολυπραγμονοῖ,

347 1795 438 1848 καὶ
466 1789 500 1846 ἃ
530 1800 698 1847 οἴεται
727 1790 943 1862 μάλιστ’
975 1792 1044 1846 ἂν
1073 1791 1449 1861 ἀποκρίνοιτο·
1483 1795 1573 1848 καὶ
1602 1792 1712 1864 ἅμα
1741 1796 1858 1864 ἐμοὶ
1878 1793 2001 1849 ἀνά-ι

283 1901 314 1943 0
346 1871 510 1929 παυλ’
536 1869 607 1928 ἀν
630 1881 709 1943 εἴη
732 1871 765 1943 ἡ
789 1876 1002 1928 ἐκείνου
1030 1872 1330 1943 ἀπόκρισις.
1372 1872 1620 1944 Ἕτοιμός
1648 1890 1761 1945 σοι,
1798 1870 1842 1930 ὦ
1858 1882 1998 1945 Παρε

342 1959 565 2026 μενίδη,
605 1955 805 2024 φάναι,
843 1961 1032 2022 τοῦτο,
1071 1953 1170 2009 τὸν
1194 1953 1556 2025 Ἀριστοτέλη·
1595 1956 1687 2025 ἐμὲ
1718 1954 1823 2024 γὰρ
1843 1958 2013 2024 λέγεις

343 2034 441 2092 τὸν
462 2035 737 2090 νεώτατον
755 2038 931 2104 λέγων
947 2056 958 2067 ·
995 2035 1118 2091 ἀλλ’
1140 2036 1314 2105 ἐρώτα
1334 2033 1405 2101 ὥς
1424 2034 1916 2108 ἀποκρινουμένου.

482 2122 544 2172 Χ.
618 2115 749 2171 Εἶεν
770 2118 863 2187 δή,
902 2118 1074 2188 φάναι
1089 2139 1100 2150 ·
1137 2123 1186 2173 εἰ
1200 2120 1260 2173 ἕν
1282 2120 1451 2187 ἐστιν,
1492 2118 1623 2173 ἄλλο
1643 2140 1693 2173 τι
1715 2117 1816 2174 οὐκ
1838 2115 1908 2173 ἄν
1929 2127 2010 2189 εἴη

342 2198 515 2254 πολλὰ
547 2197 605 2252 τὸ
637 2199 723 2263 ἓ’ν;
757 2204 884 2262 Πῶς
913 2197 1019 2268 γάρ
1050 2197 1144 2262 άν;
1181 2198 1323 2254 Οὔτε
1352 2198 1461 2267 ἄρα
1491 2203 1652 2270 μέρος
1680 2198 1854 2255 αὐτοῦ
1883 2199 2012 2255 οὔτε

343 2277 477 2333 ὅλον
507 2277 640 2333 αὐτὸ
672 2283 758 2333 δεῖ
781 2278 933 2335 εἶναι.
1000 2286 1067 2334 Τί
1091 2280 1187 2351 δή;
1228 2279 1300 2335 Τὸ
1332 2284 1495 2350 μέρος
1530 2301 1638 2335 που
1676 2279 1810 2335 ὅλου
1847 2282 2010 2350 μέρος

343 2362 499 2414 ἐστίν.
555 2364 684 2414 Ναί.
749 2364 815 2414 Τί
833 2362 891 2414 δὲ
907 2361 967 2415 τό
994 2360 1152 2426 ὅλον;
1194 2358 1313 2431 οὐχὶ
1333 2354 1402 2415 οὗ
1420 2358 1490 2416 ἂν
1509 2364 1670 2431 μέρος
1688 2361 1859 2432 μηδὲν
1877 2359 2010 2433 ἀπῇ,

343 2437 478 2494 ὅλον
506 2434 577 2493 ἀν
607 2447 718 2508 εἴης
753 2441 917 2494 Πάνυ
946 2463 1022 2511 γε.
1076 2441 1417 2512 Ἀμφοτέρως
1446 2441 1552 2512 ἄρα
1581 2440 1640 2497 τὸ
1667 2446 1728 2497 ἓν
1747 2446 1805 2498 ἐκ
1827 2450 2008 2514 μερῶν

343 2518 415 2574 ἂν
445 2526 553 2588 εἴη,
593 2518 726 2574 ὅλον
745 2542 802 2575 τε
822 2517 889 2576 ὂν
907 2524 997 2577 καὶ
1014 2525 1149 2594 μέρη
1173 2529 1312 2594 ἔχον.
1366 2522 1613 2595 Ἀνάγκη.
1663 2522 2006 2595 Ἀμφοτέρως

279 2618 312 2658 D
346 2595 417 2654 ἀν
437 2599 542 2667 ἄρα
563 2598 737 2664 οὕτως
755 2599 816 2655 τὸ
839 2604 899 2655 ἓν
919 2603 1090 2657 πολλὰ
1112 2613 1192 2675 εἴη
1207 2647 1221 2671 ,
1243 2603 1362 2660 ἀλλ’
1390 2603 1490 2675 οὐχ
1508 2606 1583 2660 ἕν.
1632 2603 1850 2674 Ἀληθῆ.
1905 2611 2010 2658 Δεῖ

342 2683 403 2735 δέ
428 2701 490 2750 γε
519 2678 591 2751 μὴ
623 2681 797 2735 πολλοὶ
829 2679 947 2736 ἀλλ’
973 2684 1033 2736 ἓν
1053 2681 1183 2738 αὐτὸ
1209 2683 1360 2739 εἶναι.
1415 2693 1530 2740 Δεῖ.
1590 2682 1726 2739 Οὕτ’
1747 2683 1854 2749 ἄρα
1873 2682 2006 2739 ὅλον

341 2765 488 2815 ἔσται
509 2760 637 2816 οὔτε
659 2765 793 2833 μέρη
815 2764 941 2832 ἕξει,
964 2767 1012 2819 εἰ
1029 2766 1089 2818 ἓν
1109 2769 1255 2819 ἔσται
1276 2764 1336 2820 τὸ
1359 2766 1434 2820 ἔν.
1491 2762 1575 2819 Οὐ
1594 2764 1713 2831 γάρ.
1779 2761 2007 2820 Οὐκοῦν
