2028 3198
622 124 1210 173 ΠΑΡΜΕΝΙΔΗΣ.
1686 121 1754 173 43

76 260 189 312 ε’στι
216 256 279 312 τό
312 259 374 312 ἓν
390 258 481 313 καὶ
499 258 667 324 οὐδέν
683 259 795 310 ε’στι
812 257 903 311 καὶ
924 253 1063 325 πρὸς
1080 254 1240 312 ἑαυτὸ
1262 256 1510 326 καὶπρὸς
1528 256 1595 311 τὰ
1614 255 1753 312 ἄλλα

78 336 355 403 ὡσαύτως.
390 343 686 402 Παντελῶς
702 339 804 407 μὲν
822 331 942 392 οὖν.

214 423 396 476 mv.
470 416 626 474 Εἶεν·
663 422 714 473 εἰ
730 418 790 473 δὲ
810 415 877 488 δὴ
897 418 971 489 μὴ
991 423 1104 474 ἔστι
1122 418 1183 475 τὸ
1206 421 1295 490 ἓν,
1327 425 1383 475 τί
1395 419 1496 492 χρὴ
1516 425 1756 492 συμβαί-

79 523 223 571 νειν,
260 494 352 571 ἆρ’
385 499 454 556 οὐ
484 502 749 556 σκεπτέον
776 497 911 570 μετὰ
939 506 1140 567 ταῦτα;
1177 504 1462 557 Σκεπτέον
1478 501 1601 574 γάρ.
1661 508 1756 567 Τίς

76 577 182 638 οὖν
199 579 272 637 ἄν
291 590 373 653 εἰη
393 581 531 653 αὕτη
552 580 586 653 ἡ
607 578 902 649 ὑπόθεσις,
922 585 973 636 εἰ
989 581 1049 636 ἓν
1069 580 1142 652 μὴ
1164 586 1340 649 ἔστιν;
1363 577 1472 654 ἆρά
1490 607 1541 639 τι
1561 588 1755 655 διαφέ-

75 686 160 732 ρει
176 669 371 735 τῆσδε,
393 662 534 735 εἰμὴ
557 666 619 718 ἓν
635 660 707 734 μὴ
730 668 900 727 ἔστιν;
935 665 1205 734 Διαφέρει
1224 666 1427 734 μέντοι.
1483 669 1754 735 Διαφέρει

75 745 281 815 μόνον,
317 742 353 815 ἢ
383 746 474 800 καὶ
503 751 619 800 πᾶν
645 742 973 822 τούναντίον
999 749 1148 801 ἐστὶν
1178 751 1377 816 εἰπεῖν,
1418 750 1468 802 εἰ
1494 747 1566 817 μὴ
1600 749 1661 801 ἓν
1680 747 1752 818 μὴ
1788 748 1819 791 C

76 831 217 897 ἔστι,
236 834 339 882 τοῦ
358 832 408 882 εἰ
424 829 486 882 ἓν
502 826 575 897 μὴ
596 830 771 892 ἔστινς
792 832 919 882 Πᾶν
937 826 1281 884 τούναντίον.
1339 833 1409 883 Τι’
1426 825 1480 882 δ’
1502 836 1558 882 εἴ
1567 849 1648 891 τις
1667 830 1756 883 λε’-

74 929 191 978 γοι,
233 913 283 964 εἰ
308 911 544 979 μέγεθος
570 906 643 979 μὴ
676 914 827 964 ἔστιν
853 905 889 980 ἦ
919 910 1215 980 σμικρότης
1232 910 1304 980 μὴ
1329 914 1479 965 ἔστιν
1495 907 1532 979 ἥ
1550 930 1601 963 τι
1620 908 1753 964 ἄλλο

74 997 190 1045 τῶν
206 990 491 1060 τοιούτων,
512 985 620 1059 ἆρα
637 990 719 1061 ἐφ’
740 993 976 1047 ἑκάστου
994 988 1064 1047 άν
1084 997 1256 1063 δηλοῖ,
1279 991 1365 1047 ὅτι
1384 991 1576 1061 ἔτερόν
1594 1013 1646 1046 τι
1665 994 1758 1046 λέ-

74 1091 165 1142 γοι
180 1070 244 1127 τό
265 1073 339 1143 μὴ
359 1071 454 1140 ὅν;
481 1073 647 1129 Πάνυ
663 1096 740 1144 γε.
781 1072 1008 1130 Οὐκοῦν
1027 1077 1117 1130 καὶ
1137 1082 1246 1129 νῦν
1266 1078 1439 1145 δηλοῖ,
1461 1072 1546 1152 ὅτι
1565 1074 1757 1142 ἕτερον

76 1154 221 1223 λέγει
243 1160 359 1209 τῶν
387 1152 574 1210 ἄλλων
600 1153 662 1210 τὸ
691 1153 765 1226 μὴ
798 1153 892 1225 ὅν,
932 1156 1066 1212 ὅταν
1094 1165 1219 1230 εἴπῃ
1240 1159 1300 1211 ἓν
1321 1153 1460 1226 εἰμὴ
1485 1159 1626 1224 ἔστι,
1663 1156 1755 1209 καὶ

77 1242 238 1306 ἴσμεν
255 1234 287 1290 ὃ
308 1238 476 1307 λέγει;
499 1237 698 1306 Ἴσμεν.
752 1242 987 1304 Πρῶτον
1005 1240 1108 1309 μὲν
1126 1239 1234 1309 ἄρα
1250 1236 1503 1309 γνωστόν
1521 1259 1573 1291 τι
1591 1237 1753 1306 λέγει,

79 1322 262 1372 ἔπειτα
280 1318 470 1386 ἕτερον
487 1324 601 1372 τῶν
622 1317 824 1387 ἄλλων,
846 1317 981 1375 ὅταν
1000 1329 1124 1393 εἴπῃ
1143 1323 1221 1385 ἕν,
1243 1329 1348 1376 εἴτε
1364 1318 1425 1375 τὸ
1445 1318 1584 1375 εἶναι
1603 1317 1755 1392 αὐτῷ

78 1402 344 1467 προσθεὶς
371 1407 478 1455 εἴτε
497 1400 558 1455 τὸ
578 1401 651 1471 μή
674 1399 814 1455 εἶναι
829 1422 839 1431 ·
877 1400 1043 1457 οὐδὲν
1060 1400 1167 1472 γὰρ
1185 1396 1354 1473 ἦττον
1371 1402 1752 1471 γιγνώσκεται,

79 1486 133 1537 τί
147 1479 207 1536 τὸ
229 1482 530 1552 λεγόμενον
548 1481 621 1553 μὴ
644 1483 811 1552 εἶναι,
832 1486 922 1538 καὶ
942 1481 1025 1538 ὅτι
1046 1484 1319 1554 διάφορον
1338 1490 1452 1539 τῶν
1470 1482 1658 1539 ἄλλων
1672 1503 1683 1514 ·
1717 1478 1754 1553 ἦ
1785 1490 1820 1531 D

80 1563 179 1629 0133
212 1561 464 1636 Ἀνάγκη,
497 1558 626 1620 Ὧδε
646 1565 754 1634 ἄρα
773 1570 994 1620 λεκτέον
1012 1568 1067 1631 ἐξ
1086 1565 1255 1636 ἀρχῆς
1268 1608 1282 1631 ,
1304 1568 1365 1620 ἓν
1385 1565 1523 1635 εἰμὴ
1543 1569 1683 1632 ἔστι,
1703 1569 1759 1619 τί

78 1644 179 1717 χρὴ
201 1644 354 1701 εἶναι.
408 1654 630 1715 πρῶτον
648 1648 750 1717 μὲν
769 1641 874 1702 οὖν
893 1645 1040 1720 αὐτῷ
1062 1653 1224 1702 τοῦτο
1244 1645 1513 1717 ὑπάρχειν
1532 1650 1639 1716 δεῖ,
1682 1644 1756 1710 ὥς

80 1732 285 1797 ἔοικεν,
324 1726 464 1783 εἶναι
494 1727 670 1783 αὐτοῦ
698 1729 1029 1799 ἐπιστήμην,
1065 1725 1103 1799 ἢ
1133 1731 1268 1800 μηδὲ
1299 1727 1333 1783 ὅ
1361 1750 1413 1783 τι
1432 1731 1644 1798 λέγεται
1665 1749 1754 1796 γι-

78 1808 457 1879 γνώσκεσθαι,
479 1809 615 1865 ὅταν
635 1833 716 1875 τις
734 1818 859 1882 εἴπῃ
879 1813 940 1865 ἓν
959 1807 1097 1880 εἰμὴ
1118 1813 1278 1865 ἔστιν.
1332 1808 1551 1880 Ἀληθῆ.
1601 1808 1754 1864 Οὐκ-

16 1894 33 1955 {-
77 1898 182 1946 οὖν
210 1892 302 1947 καὶ
330 1889 396 1946 τὰ
427 1890 566 1946 ἄλλα
594 1889 735 1960 ἕτερ’
764 1890 939 1947 αὐτοῦ
958 1890 1122 1962 εἶναι,
1162 1887 1199 1962 ἦ
1215 1893 1351 1963 μηδὲ
1369 1894 1546 1947 έκεῖνο
1567 1893 1756 1962 ἕτερον

23 2021 27 2027 .
77 1980 189 2029 τῶν
206 1971 392 2029 ἄλλων
410 1976 698 2044 λέγεσθαι;
718 1974 882 2029 Πάνυ
901 1996 977 2043 γε.
1028 1975 1138 2030 Καὶ
1159 1973 1461 2044 ἑτεροιότης
1480 1972 1588 2041 ἄρα
1608 1974 1755 2028 ἐστὶν

78 2052 230 2127 αὐτῷ
260 2053 397 2125 πρὸς
416 2061 482 2126 τῇ
504 2056 787 2127 ἐπιστήμῃ.
843 2054 912 2110 οὐ
930 2056 1038 2127 γὰρ
1056 2054 1158 2126 τὴν
1176 2061 1289 2110 τῶν
1308 2053 1494 2110 ἄλλων
1514 2053 1754 2124 ἑτεροιό-

39 2163 42 2165 “
75 2158 210 2207 τητα
228 2138 372 2207 λέγει
386 2179 399 2204 ,
438 2134 574 2192 ὅταν
591 2138 652 2191 τὸ
678 2139 740 2191 ἓν
758 2137 948 2206 ἕτερον
966 2143 1080 2193 τῶν
1100 2136 1285 2192 ἄλλων
1301 2139 1432 2208 λέγῃ
1448 2178 1461 2202 ,
1498 2134 1636 2191 ἀλλὰ
1653 2134 1756 2207 τὴν
1783 2146 1817 2186 E

77 2220 307 2273 ἐκείνου.
359 2224 635 2274 Φαίνεται.
686 2221 794 2275 Καὶ
813 2218 925 2290 μὴν
945 2225 1044 2273 τοῦ
1063 2239 1123 2287 γε
1144 2220 1359 2272 ἐκείνου
1378 2218 1468 2272 καὶ
1486 2223 1585 2272 τοῦ
1609 2214 1755 2282 τινὸς

0 2355 2 2375 s
78 2300 170 2354 καὶ
202 2299 406 2355 τούτου
422 2303 513 2356 καὶ
533 2300 712 2375 τούτῳ
735 2303 825 2356 καὶ
845 2301 1061 2355 τούτων
1082 2301 1171 2355 καὶ
1191 2299 1417 2354 πάντων
1436 2306 1550 2354 τῶν
1566 2298 1754 2355 τοιού-

78 2402 192 2435 των
208 2384 416 2451 μετέχει
434 2381 495 2437 τό
517 2381 591 2452 μὴ
610 2379 679 2437 ὂν
698 2383 773 2438 ἕν.
832 2380 901 2437 οὐ
919 2381 1027 2452 γὰρ
1047 2378 1119 2437 ἄν
1135 2378 1196 2436 τὸ
1219 2383 1280 2436 ἓν
1299 2383 1511 2451 ἐλέγετο
1534 2378 1656 2436 οὐδ’
1682 2376 1754 2435 ἂν

79 2469 182 2517 τοῦ
200 2461 325 2527 ἑνὸς
343 2465 526 2531 ἕτερα,
555 2462 678 2519 οὐδ’
700 2466 891 2536 ἐκείνῳ
912 2462 984 2518 ἄν
1010 2486 1057 2517 τι
1090 2456 1161 2533 ἦν
1193 2460 1314 2518 οὐδ’
1347 2466 1590 2532 ἐκείνου,
1628 2459 1749 2516 οὐδ’

78 2543 152 2599 ἄν
169 2567 220 2599 τι
238 2547 453 2615 ἐλέγετο
467 2587 483 2614 ,
505 2550 555 2600 εἰ
570 2545 704 2615 μήτε
723 2551 825 2599 τοῦ
844 2543 991 2609 τινὸς
1011 2542 1159 2617 αὐτῷ
1179 2551 1350 2615 μετῆν
1368 2543 1501 2614 μήτε
1520 2549 1634 2598 τῶν
1652 2542 1754 2597 ἅλ-

15 2663 18 2666 Ᾰ
76 2633 192 2683 λων
220 2628 450 2682 τούτων.
510 2624 732 2696 Ὀρθῶς.
789 2625 950 2681 Εἶναι
976 2626 1079 2697 μὲν
1110 2623 1176 2696 δὴ
1207 2632 1285 2698 τῷ
1317 2627 1396 2682 ἑνὶ
1415 2623 1515 2695 οὐχ
1535 2621 1656 2680 οἷόν
1676 2646 1751 2691 τε,

10 2742 16 2747 -
77 2716 230 2776 εἰπερ
249 2730 309 2779 γε
330 2708 404 2780 μὴ
424 2714 537 2763 ἐστι
551 2751 564 2777 ,
585 2710 823 2778 μετέχειν
847 2708 904 2764 δὲ
924 2713 1143 2763 πολλῶν
1163 2706 1331 2763 οὐδὲν
1350 2707 1551 2763 κωλύει
1566 2751 1579 2774 ,
1611 2705 1752 2762 ἀλλὰ
1785 2710 1859 2756 161

77 2790 165 2845 καὶ
194 2788 434 2862 ἀνάγκη,
474 2798 627 2859 εἰπερ
658 2790 719 2845 τό
749 2812 807 2859 γε
839 2792 898 2845 ἓν
926 2793 1102 2846 ἐκεῖνο
1133 2788 1316 2861 καὶμὴ
1337 2789 1472 2845 ἄλλο
1491 2790 1563 2860 μὴ
1587 2792 1749 2844 ἔστιν·
