2028 3198
330 127 433 179 144
934 129 1411 178 ΠΛΑΤῼΝΟΣ
1707 106 1725 114 ’
1986 140 2013 183 6

217 277 298 322 176
466 270 551 319 lv.
627 259 789 315 Μετὰ
808 266 1008 329 ταῦτα,
1046 265 1180 333 ἔφη,
1211 266 1634 328 κατακλινέντος
1652 270 1753 319 τοῦ
1773 265 2012 335 Σωκρά-

326 366 456 408 τους
486 344 575 398 καὶ
607 342 1003 414 δειπνήσαντος
1028 345 1119 399 καὶ
1138 349 1248 398 τῶν
1267 343 1483 412 ἄλλων,
1523 348 1768 411 σπονδάς
1787 366 1844 401 τε
1866 354 2012 416 σφοῖς

328 425 694 496 ποιήσασθαι,
731 427 822 480 καὶ
855 424 1098 499 ᾄσαντας
1127 422 1225 480 τὸν
1244 424 1388 481 θεὸν
1408 429 1502 482 καὶ
1518 421 1687 483 τᾶλλα
1706 426 1772 482 τὰ
1793 429 2014 498 νομιζό-

327 530 465 578 μενα
484 510 782 576 τρέπεσθαι
802 507 940 577 πρὸς
958 506 1057 562 τὸν
1076 507 1273 563 πότον·
1311 507 1412 564 τὸν
1431 531 1538 564 ουν
1555 515 1927 564 Παυσανίαν’
1906 518 2010 580 ε’φη

326 589 501 659 λόγου
530 588 788 644 τοιούτου
817 586 968 652 τινὸς
994 588 1301 660 κατάρχειν.
1356 590 1524 692 Εἶεν,
1555 589 1778 662 άνδρες,
1818 592 2010 661 φάναι,

326 678 449 728 τίνα
469 670 679 743 τρόπον
698 674 873 744 ῥᾷστα
897 672 1168 768 πιόμεθα;
1205 670 1311 741 ἐγῶ
1333 675 1435 743 μὲν
1455 675 1561 728 οὐν
1583 675 1726 743 λέγω
1746 671 1907 743 ὑμῖν,
1929 673 2013 728 ὅτι

326 760 401 828 τῷ
422 752 543 808 ὄντι
561 753 712 809 πάνυ
728 757 1014 824 χαλεπῶς
993 759 1096 822 ε’χω
1116 751 1225 808 ὑπὸ
1246 761 1348 809 τοῦ
1366 755 1499 825 χθὲς
1517 756 1695 810 πότου
1714 757 1804 811 καὶ
1823 758 2013 825 δέομαι

328 836 613 908 ἀναψυχῆς
641 835 818 906 τινός,
862 834 1011 906 οἶμαι
1039 835 1098 890 δε
1127 837 1218 892 καὶ
1238 834 1399 907 ὑμῶν
1418 835 1548 902 τοὺς
1568 837 1832 901 πολλούς·
1870 857 2014 907 παρ-

269 935 298 975 Β
326 924 455 989 ηστε
483 917 590 988 γὰρ
620 921 776 988 χθές·
814 925 1112 973 σκοπεῖσθε
1143 940 1275 989 ουν,
1305 925 1413 974 τίνι
1445 919 1631 991 τρόπῳ
1653 916 1727 974 ἂν
1748 917 1819 984 ὡς
1839 921 2012 999 ῥᾷστα

328 1007 601 1071 πίνοιμεν.
656 997 755 1055 τὸν
776 1020 883 1054 ουν
907 997 1275 1070 Ἀριστοφάνη
1296 1005 1497 1070 εἰπεῖν,
1542 1006 1719 1055 Τοῦτο
1740 1002 1927 1071 μέντοι
1947 999 2011 1055 εὐ

326 1085 527 1153 λέγεις,
570 1075 615 1137 ῶ
632 1086 953 1151 Παυσανία,
992 1081 1051 1137 τὸ
1085 1084 1247 1137 παντὶ
1275 1081 1463 1155 τρόπω
1482 1043 2013 1181 ’,παρασκευάζεσθαι

327 1164 623 1238 ρᾳστῶνην
650 1163 775 1219 τινὰ
804 1170 903 1235 τῆς
921 1164 1157 1229 πόσεως·
1195 1166 1287 1219 καὶ
1304 1161 1412 1264 γὰρ
1432 1161 1600 1229 αὐτός
1620 1170 1727 1235 εἰμι
1748 1171 1859 1219 τῶν
1883 1165 2013 1235 χθες

327 1249 796 1319 βεβαπτισμένων.
854 1246 1172 1303 ἀκούσαντα
1204 1240 1310 1301 οὖν
1328 1245 1517 1301 αὐτῶν
1534 1251 1641 1318 ἔφη
1658 1244 2007 1317 Ἐρυξίμαχον

327 1331 426 1385 τὸν
445 1329 813 1400 Ἀκουμενοῦ,
849 1331 918 1384 Η
930 1334 1138 1399 καλῶς,
1179 1329 1379 1400 φάναι,
1418 1331 1619 1399 λέγετε.
1674 1331 1764 1385 καὶ
1788 1334 1865 1384 ἐτι
1889 1328 2012 1394 ἑνὸς

329 1415 519 1483 δέομαι
538 1409 700 1482 υμῶν
721 1408 991 1481 ἀκοῦσαι,
1030 1418 1146 1476 πῶς
1165 1417 1270 1482 ἔχει
1291 1411 1429 1479 πρὸς
1446 1411 1507 1467 τὸ
1529 1415 1810 1484 ἐρρῶσθαι
1830 1418 2005 1468 πίνειν

320 1494 595 1565 Ἀγάθων.
656 1492 955 1566 Οὐδαμῶς,
998 1494 1199 1565 φάναι,
1241 1492 1363 1549 οὐδ’
1399 1491 1564 1558 αὐτὸς
1582 1497 1836 1563 ἔρρωμαι.
1882 1492 2012 1563 Ἕρ-

270 1594 299 1635 C
327 1599 494 1649 μαιον
517 1574 589 1633 ἂν
611 1585 692 1648 εἴη
715 1575 876 1649 ἡμῖν,
896 1571 932 1648 ἦ
954 1574 1004 1631 δ’
1027 1575 1115 1647 ὅς,
1139 1574 1212 1641 ῶς
1232 1580 1427 1647 ε’ὀικεν,
1447 1580 1570 1647 ἐμοί
1583 1597 1642 1630 τε
1662 1577 1753 1630 καὶ
1765 1573 2009 1645 Ἀριστο-

330 1661 486 1734 δήμω
506 1661 598 1715 καὶ
618 1663 843 1733 Φαίδρῳ
865 1660 955 1714 καὶ
974 1663 1156 1713 τοῖσδε
1171 1701 1185 1728 ,
1215 1664 1266 1715 εἰ
1280 1657 1435 1730 ’ὑμεῖς
1454 1662 1510 1714 οἱ
1527 1657 1902 1713 δυνατώτατοι
1921 1664 2010 1712 πί-

329 1764 447 1797 νειν
478 1748 589 1796 νῦν
617 1740 947 1812 ἀπειρήκατε
964 1762 974 1771 ·
1011 1738 1165 1811 ἡμεῖς
1194 1742 1295 1811 μὲν
1313 1738 1420 1811 γὰρ
1443 1739 1524 1795 άεὶ
1545 1738 1826 1795 ἀδύνατοι,
1881 1748 2011 1796 Σω-

329 1824 500 1894 κράτη
523 1821 577 1878 δ’
601 1827 795 1891 ἐξαιρῶ
816 1824 1013 1892 λόγου·
1047 1822 1239 1888 ι’ῗκανός
1267 1825 1375 1894 γὰρ
1407 1827 1497 1879 καὶ
1527 1822 1840 1895 ἀμφότερα,
1882 1822 1991 1878 ὥστ

329 1908 604 1975 ἐξαρκέσει
635 1902 786 1978 αύτῷ
814 1901 1040 1974 ὁπότερ’
1061 1900 1134 1959 ἄν
1151 1911 1411 1974 ποιῶμεν.
1466 1904 1652 1975 ἐπειδὴ
1676 1901 1784 1960 οὖν
1801 1928 1893 1974 μοι
1916 1909 2012 1959 δο-

329 1999 416 2044 κεῖ
440 1986 622 2051 οὐδεὶς
649 1992 767 2040 τῶν.
791 1984 1086 2052 παρόντων
1106 1985 1413 2055 προθύμως
1433 1990 1575 2054 ἔχειν
1594 1983 1732 2054 πρὸς
1749 1984 1811 2040 τὸ
1832 1984 2010 2040 πολὺν

328 2076 509 2125 πίνειν
541 2066 723 2138 οἶνον,
763 2074 894 2131 ἴσως
924 2063 996 2121 ἂν
1025 2066 1130 2136 ἐγω
1161 2069 1285 2135 περὶ
1315 2073 1416 2121 τοῦ
1432 2067 1847 2138 μεθύσκεσθαι,
1889 2063 2010 2124 οἶόν

328 2156 441 2208 ἐστι
452 2195 468 2221 ,
504 2150 723 2222 τάληθῆ
757 2153 933 2218 λέγων
968 2143 1137 2219 ἦττον
1165 2145 1236 2204 div
1265 2156 1385 2220 εἴην
1414 2147 1601 2221 ἀηδής.
1659 2151 1777 2220 ἐμοὶ
1805 2149 1912 2220 γὰρ
1943 2149 2008 2219 δὴ

267 2254 303 2294 D
334 2234 499 2291 τοῦτό
520 2256 584 2305 γε
603 2232 751 2304 οἶμαι
770 2232 1081 2304 κατάδηλον
1102 2234 1390 2302 γεγονέναι
1407 2235 1467 2288 ἐκ
1496 2240 1592 2304 τῆς
1619 2238 1889 2304 ἰατρικῆς,
1930 2230 2012 2286 ὅτι

332 2317 575 2387 χαλεπὸν
610 2327 724 2380 τοῖς
762 2312 1087 2386 ἀνθρώποις
1121 2312 1155 2384 ἡ
1194 2317 1338 2384 μέθη
1375 2316 1511 2369 ἐστί·
1552 2316 1644 2370 καὶ
1679 2314 1805 2370 οὔτε
1847 2311 2012 2377 αύτός

333 2397 477 2454 ἑκῶν
514 2396 653 2452 εἶναι
683 2396 875 2468 πόρρω
905 2395 1230 2467 ἐθελήσαιμι
1257 2393 1329 2452 ἄν
1357 2408 1502 2453 πιεῖν
1531 2396 1659 2452 οὔτε
1688 2396 1835 2472 ἄλλῳ
1869 2412 2011 2465 συμ-

332 2478 721 2551 βουλεύσαιμι,
764 2478 942 2543 ἄλλως
975 2501 1032 2534 τε
1063 2480 1152 2534 καὶ
1171 2485 1560 2546 κραιπαλῶντα
1580 2483 1658 2534 ἔτι
1683 2481 1742 2535 ἐκ
1759 2485 1855 2550 τῆς
1872 2497 2012 2546 προ-

333 2564 564 2631 τεραίας.
612 2557 770 2614 Ἀλλά
789 2559 927 2631 μήν,
959 2565 1063 2631 ἔφη
1085 2562 1259 2631 φάναι
1279 2559 1630 2632 ὑπολαβόντα
1651 2565 1895 2630 Φαῖδρον
1913 2558 2008 2614 τὸν

332 2641 792 2712 Μυρρινούσιον,
835 2645 1008 2713 ἔγωγέ
1025 2660 1112 2698 σοι
1134 2650 1309 2698 εἴωθα
1328 2648 1628 2698 πείθεσθαι
1647 2642 1826 2705 ἄλλως
1844 2662 1901 2695 τε
1921 2644 2010 2696 καὶ

334 2723 454 2779 ἅττ’
474 2720 546 2779 ἄν
565 2725 688 2793 περὶ
709 2728 954 2795 ἰατρικῆς
973 2729 1156 2797 λέγῃς·
1196 2731 1305 2779 νῦν
1325 2722 1400 2793 δ’,
1441 2721 1512 2778 ἂν
1533 2718 1597 2779 εὖ
1615 2723 2011 2794 βουλεύωνται,

271 2827 303 2864 E
332 2809 423 2861 καὶ
456 2809 511 2861 οἱ
538 2812 735 2861 λοιποί.
791 2812 964 2859 ταῦτα
996 2807 1061 2875 δὴ
1094 2805 1439 2869 ἀκούσαντας
1470 2815 1773 2874 συγχωρεῖν
1805 2806 2012 2868 πάντας
