2028 3198
77 0 520 47 w--fflm
531 0 833 37 xw⁷zzr²⁷w
858 0 892 25 's
908 0 960 31 U.
996 0 1065 54 ,ςτ-

12 31 205 74 (⁵3„3·..
271 40 354 66 κγ-
471 39 489 49 ν,
551 31 611 74 ’ῥ’
699 30 735 51 ,ι’
784 39 811 57 >³
896 30 1019 59 ¹0¹³.

582 156 1173 218 ΠΑΡΜΕΝΙΔΗΣ.
1687 163 1721 215 7

0 319 1 325 ’
41 306 269 365 Οὐκοῦν
295 305 419 377 ἤτοι
434 301 572 359 ὅλου
597 307 701 356 τοῦ
729 303 913 364 εἴδους
941 295 976 371 ἦ
996 304 1201 371 μέρους
1217 300 1452 356 ἕκαστον
1469 297 1529 357 τὰ
1551 320 1722 371 μετα-

0 423 1 445 η
35 388 322 462 λαμβάνον
352 381 784 458 μεταλαμβάνεις
821 378 858 450 ἢ
888 379 1023 452 ἄλλη
1053 404 1134 446 τις
1152 378 1225 438 ἂν
1241 382 1540 454 μετάληψις
1555 386 1720 454 χωρὶς

35 471 252 527 τούτων
268 470 510 540 γένοιτο;
548 466 659 521 Καὶ
676 469 794 528 πῶς
811 461 910 529 ἄνς
950 462 1116 520 εἶπεν.
1173 465 1424 534 Πότερον
1443 457 1549 520 οὖν
1569 468 1725 520 δοκεῖ

33 570 122 610 σοι
151 551 288 608 ὅλον
314 549 376 607 τὸ
410 547 554 613 εἶδος
583 549 646 603 ἐν
675 544 886 617 ἑκάστῳ
916 544 1055 600 εἶναι
1082 552 1196 601 τῶν
1226 552 1450 602 πολλῶν
1468 548 1531 602 ἓν
1549 545 1643 616 ὅν,
1682 541 1719 616 ἢ

31 641 173 700 πῶςς
212 638 284 688 Τί
297 631 404 703 γὰρ
427 629 656 699 κωλύει,
678 627 852 699 φάναι
871 625 972 682 τὸν
990 627 1264 698 Σωκράτη
1278 670 1293 698 ,
1317 620 1361 682 ὦ
1378 629 1717 699 Παρμενίδη,

31 720 262 780 ἐνεῖναις
283 712 384 770 ’Ὲν
418 713 525 781 ἄρα
563 708 631 766 ὂν
666 713 757 766 καὶ
792 707 998 766 ταύτὸν
1025 712 1087 766 ἐν
1116 716 1337 774 πολλοῖς
1365 708 1528 780 χωρὶς
1557 703 1722 765 οὖσιν
1749 718 1784 759 Β

33 795 171 853 ὅλον
203 795 316 867 ἅμα
351 797 588 862 ἐνέσται,
627 794 717 848 καὶ
748 789 925 856 οὕτως
953 789 1087 847 αὐτὸ
1121 790 1296 847 αὑτοῦ
1323 794 1487 863 χωρὶς
1515 788 1588 847 ὄίν
1618 800 1718 864 εἴη.

35 877 159 935 Οὐκ
180 877 279 948 ἄν,
311 885 367 933 εἴ
377 898 467 947 γε,
506 875 707 947 φάναι,
746 869 916 945 οἶονὴ
938 872 1112 946 ἡμέρα
1135 878 1231 945 μία
1251 875 1342 930 καὶ
1361 871 1394 945 ἡ
1416 872 1555 944 αὐτὴ
1576 868 1720 929 οὖσα

33 965 316 1031 πολλαχοῦ
343 958 456 1029 ἅμα
476 959 587 1014 ἐστὶ
608 958 698 1012 καὶ
719 955 886 1012 οὐδέν
907 980 958 1012 τι
977 963 1188 1027 μᾶλλον
1208 954 1346 1027 αὐτὴ
1369 954 1540 1028 αὑτῆς
1556 962 1720 1027 χωρίς

30 1046 207 1112 ἐστιν,
247 1047 298 1098 εἰ
333 1041 478 1097 οὕτω
514 1042 604 1096 καὶ
637 1041 871 1095 ἕκαστον
899 1045 1013 1094 τῶν
1043 1041 1208 1094 εἰδῶν
1228 1040 1290 1093 ἓν
1319 1040 1381 1094 έν
1408 1043 1579 1093 πᾶσιν
1607 1036 1720 1109 ἅμα

30 1123 238 1180 ταύτὸν
256 1131 355 1194 εἴη.
406 1120 609 1188 Ἡδέως
635 1144 726 1192 γε,
765 1122 967 1192 φάναι,
1007 1114 1052 1176 ὦ
1071 1118 1393 1190 Σώκρατες,
1434 1122 1498 1176 ἓν
1516 1117 1722 1176 ταύτὸν

31 1204 146 1278 ἅμα
173 1210 452 1275 πολλαχοῦ
470 1217 669 1273 ποιεῖς,
706 1200 827 1260 οἷον
846 1209 896 1260 εἰ
910 1207 1061 1278 ἱστίῳ
1086 1204 1463 1269 καταπετάσας
1481 1202 1722 1269 πολλοὺς

33 1285 376 1357 ἀνθρώπους
404 1292 571 1357 φαίης
589 1290 653 1342 ἓν
675 1290 758 1342 ἐπὶ
778 1294 1000 1352 πολλοῖς
1019 1286 1159 1342 εἶναι
1179 1284 1337 1343 ὅλον·
1374 1282 1412 1357 ἦ
1433 1284 1502 1342 οὐ
1521 1287 1580 1342 τὸ
1603 1308 1721 1342 τοι-

34 1374 204 1423 οῦτον
224 1365 347 1438 ἡγεῖ
361 1369 564 1436 λέγειν;
583 1366 768 1437 Ἴσως,
791 1368 979 1436 φάναι.
1029 1363 1100 1424 'H
1115 1363 1220 1424 οὖν
1240 1369 1375 1425 ὅλον
1394 1365 1484 1439 ἐφ’
1507 1368 1718 1443 ἑκάστῳ
1752 1378 1785 1421 C

32 1449 95 1505 τὸ
127 1454 304 1506 ἱστίον
332 1457 415 1520 εἴη
444 1447 544 1517 ἅν,
583 1445 618 1519 ἦ
646 1451 811 1519 μέρος
840 1448 1015 1505 αὐτοῦ
1037 1451 1170 1507 ἄλλο
1189 1450 1274 1508 ἐπ’
1300 1451 1476 1525 ἄλλῳς
1512 1454 1720 1523 Μέρος.

35 1529 286 1599 Μεριστὰ
318 1529 454 1600 ἄρα,
494 1531 696 1601 φάναι,
739 1525 782 1586 ὦ
804 1532 1123 1603 Σώκρατες,
1163 1537 1311 1588 ἔστιν
1339 1530 1479 1588 αὐτὰ
1498 1531 1564 1588 τὰ
1584 1537 1720 1603 εἴδη,

33 1618 124 1671 καὶ
152 1613 218 1670 τὰ
238 1618 530 1685 μετέχοντα
550 1612 740 1669 αὐτῶν
757 1618 960 1685 μέρους
980 1611 1050 1671 ἄν
1068 1619 1277 1686 μετέχοι
1290 1658 1305 1685 ,
1344 1616 1434 1671 καὶ
1454 1613 1638 1670 οὐκέτι
1660 1617 1721 1671 ἐν

34 1698 243 1769 ἑκάστῳ
265 1694 426 1767 ὅλον,
448 1696 587 1752 άλλὰ
607 1700 772 1768 μέρος
791 1699 1027 1753 ἑκάστου
1048 1695 1120 1753 ἄν
1140 1706 1238 1769 εἴη.
1293 1702 1554 1754 Φαίνεται
1574 1695 1720 1753 οὕτω

34 1799 113 1849 γε.
161 1773 229 1833 'H
257 1773 363 1835 οὖν
390 1779 698 1851 ἐθελήσεις,
738 1774 782 1834 ὦ
820 1781 1142 1850 Σώκρατες,
1181 1780 1358 1850 φάναι
1388 1779 1450 1836 τό
1485 1784 1546 1836 ἓν
1579 1779 1722 1846 εἶδος

35 1858 167 1932 ἡμῖν
194 1867 259 1933 τῇ
288 1859 521 1934 άληθείᾳ
543 1867 886 1933 μερίζεσθαι·
921 1864 1010 1917 καὶ
1031 1867 1108 1917 ἔτι
1130 1865 1190 1917 ἓν
1211 1866 1387 1930 ἐ’σται;
1428 1861 1719 1934 Οὐδαμῶς,

37 1946 222 1999 εἰπεῖν.
261 1940 397 2014 Ὅρα
425 1944 531 2013 γάρ
547 1986 560 2012 ,
601 1944 800 2014 φάναι*
842 1950 893 2000 εἰ
910 1943 1044 2000 αὐτὸ
1069 1942 1130 2000 τὸ
1152 1947 1389 2015 μέγεθος
1407 1956 1610 2016 μεριεῖς
1630 1947 1719 2000 καὶ

34 2025 266 2082 ἕκαστον
291 2032 405 2081 τῶν
437 2032 660 2082 πολλῶν
696 2027 950 2098 μεγάλων
990 2030 1264 2098 μεγέθους
1300 2029 1452 2097 μέρει
1489 2044 1720 2098 σμικρο-
1745 2038 1781 2080 D

28 2108 170 2180 τέρῳ
206 2105 383 2162 αὐτοῦ
418 2115 520 2163 τοῦ
555 2111 830 2179 μεγέθους
858 2112 995 2180 μέγα
1026 2113 1202 2179 ἔσται,
1242 2103 1350 2179 ἆρα
1381 2107 1484 2164 οὐκ
1516 2107 1723 2179 ἄλογον

34 2201 313 2260 φανεῖται;
350 2190 514 2245 Πάνυ
533 2189 608 2262 γ’,
646 2195 765 2262 ἔφη.
826 2198 896 2247 Τί
910 2195 996 2259 δε’;
1034 2197 1136 2247 τοῦ
1156 2199 1283 2247 ἴσου
1303 2194 1469 2261 μέρος
1488 2191 1723 2246 ἕκαστον

33 2271 269 2343 σμικρὸν
296 2270 582 2345 ἀπολαβόν
613 2297 663 2329 τι
681 2275 785 2340 ἕξει
807 2268 853 2348 ᾦ
872 2274 1119 2330 ἐλάττονι
1140 2273 1259 2328 ὄντι
1279 2270 1457 2328 αὐτοῦ
1475 2278 1576 2328 τοῦ
1595 2279 1722 2328 ἴσου

31 2352 95 2408 τὸ
107 2357 232 2423 ἔχον
246 2361 369 2409 ἴσον
382 2376 456 2427 τῳ
472 2359 645 2419 ἔσται;
668 2353 985 2411 Ἀδύνατον.
1015 2354 1173 2411 Ἀλλά
1187 2361 1288 2411 τοῦ
1305 2362 1544 2427 σμικροῦ
1558 2357 1723 2427 μέρος

32 2454 117 2498 τις
141 2433 301 2505 ἡμῶν
329 2438 460 2502 ἕξει·
498 2438 703 2493 τούτου
733 2438 789 2494 δὲ
820 2438 996 2492 αὐτοῦ
1026 2435 1087 2492 τὸ
1109 2436 1345 2507 σμικρὸν
1366 2442 1549 2508 μεῖζον
1570 2442 1723 2493 ἔσται

34 2514 128 2571 ὅτε
158 2519 359 2586 μέρους
388 2518 589 2574 ἑαυτοῦ
617 2518 803 2589 ὄντος,
843 2522 932 2574 καὶ
962 2517 1108 2576 οὕτω
1137 2518 1204 2591 δὴ
1235 2519 1370 2576 αὐτὸ
1402 2519 1462 2576 τὸ
1483 2518 1722 2591 σμικρὸν

32 2602 218 2669 μεῖζον
236 2602 384 2654 ἔσται
400 2619 411 2629 ·
446 2592 493 2672 ᾦ
512 2598 564 2654 δ’
586 2596 658 2654 ἂν
678 2607 964 2673 προστεθῇ
981 2600 1042 2657 τὸ
1064 2599 1390 2673 ἀφαιρεθέν,
1411 2609 1574 2659 τοῦτο
1594 2618 1721 2673 σμι-

31 2681 300 2751 κρότερον
330 2685 478 2736 ἔσται
511 2679 634 2737 ἀλλ’
667 2681 736 2737 οὐ
763 2688 946 2752 μεῖζον
975 2679 1011 2754 ἦ
1040 2690 1187 2755 πρίν.
1246 2683 1366 2740 Οὐκ
1392 2681 1465 2740 ὀίν
1483 2686 1718 2755 γένοιτο,
1754 2699 1787 2742 Ε

32 2762 235 2832 φάναι,
256 2763 420 2819 τοῦτό
439 2784 515 2833 γε.
582 2762 701 2819 Τίν’
725 2758 830 2820 οὖν
848 2767 1083 2838 τρόπον,
1114 2773 1286 2824 εἰπεῖν
1302 2810 1316 2838 ,
1341 2761 1384 2823 ὦ
1406 2769 1718 2838 Σώκρατες,

33 2849 147 2899 τῶν
164 2847 328 2900 εἰδῶν
347 2862 433 2900 σοι
454 2846 519 2900 τά
540 2844 678 2902 ἄλλα
699 2849 1093 2921 μεταλήψεται,
1114 2851 1248 2923 μήτε
1271 2849 1408 2906 κατὰ
1430 2853 1566 2923 μέρη
1585 2848 1718 2923 μήτε
