<?xml version="1.0" encoding="UTF-8"?>
<!DOCTYPE html PUBLIC "-//W3C//DTD XHTML 1.0 Transitional//EN"
    "http://www.w3.org/TR/xhtml1/DTD/xhtml1-transitional.dtd">
<html xmlns="http://www.w3.org/1999/xhtml" xml:lang="en" lang="en">
 <head>
  <title>
</title>
<meta http-equiv="Content-Type" content="text/html;charset=utf-8" />
  <meta name='ocr-system' content='tesseract 3.04.00' />
  <meta name='ocr-capabilities' content='ocr_page ocr_carea ocr_par ocr_line ocrx_word'/>
</head>
<body>
  <div class='ocr_page' id='page_1' title='image "./dialogisecumdumt02platuoft_0015.png"; bbox 0 0 2028 3198; ppageno 0'>
   <div class='ocr_carea' id='block_1_1' title="bbox 821 160 1901 206">
    <p class='ocr_par' dir='ltr' id='par_1_1' title="bbox 821 160 1901 206">
     <span class='ocr_line' id='line_1_1' title="bbox 821 160 1901 206; baseline -0.002 -1"><span class='ocrx_word' id='word_1_1' title='bbox 821 160 1206 206; x_wconf 77' lang='lat' dir='ltr'><strong>PRAEFATIO.</strong></span> <span class='ocrx_word' id='word_1_2' title='bbox 1853 171 1901 203; x_wconf 78' lang='lat' dir='ltr'><strong>xi</strong></span> 
     </span>
    </p>
   </div>
   <div class='ocr_carea' id='block_1_2' title="bbox 101 268 1902 572">
    <p class='ocr_par' dir='ltr' id='par_1_2' title="bbox 101 268 1902 572">
     <span class='ocr_line' id='line_1_2' title="bbox 107 268 1902 333; baseline -0.004 -9"><span class='ocrx_word' id='word_1_3' title='bbox 107 283 167 333; x_wconf 84' lang='lat' dir='ltr'><strong>B,</strong></span> <span class='ocrx_word' id='word_1_4' title='bbox 205 281 274 323; x_wconf 90' lang='lat' dir='ltr'><strong>ubi</strong></span> <span class='ocrx_word' id='word_1_5' title='bbox 311 279 506 322; x_wconf 78' lang='lat' dir='ltr'><strong>homines</strong></span> <span class='ocrx_word' id='word_1_6' title='bbox 534 276 649 318; x_wconf 83' lang='lat' dir='ltr'><strong>velut</strong></span> <span class='ocrx_word' id='word_1_7' title='bbox 676 270 867 329; x_wconf 84' lang='grc' dir='ltr'><strong><em>μα’ντεις</em></strong></span> <span class='ocrx_word' id='word_1_8' title='bbox 899 268 1052 328; x_wconf 78' lang='grc' dir='ltr'><strong><em>ὄρνισι</em></strong></span> <span class='ocrx_word' id='word_1_9' title='bbox 1085 275 1304 318; x_wconf 85' lang='lat' dir='ltr'><strong>brutorum</strong></span> <span class='ocrx_word' id='word_1_10' title='bbox 1335 275 1532 329; x_wconf 84' lang='lat' dir='ltr'><strong>exemplo</strong></span> <span class='ocrx_word' id='word_1_11' title='bbox 1570 275 1627 317; x_wconf 84' lang='lat' dir='ltr'><strong>ad</strong></span> <span class='ocrx_word' id='word_1_12' title='bbox 1660 274 1902 329; x_wconf 82' lang='lat' dir='ltr'><strong>voluptates</strong></span> 
     </span>
     <span class='ocr_line' id='line_1_3' title="bbox 105 324 1901 386; baseline -0.006 -4"><span class='ocrx_word' id='word_1_13' title='bbox 105 339 304 382; x_wconf 75' lang='lat' dir='ltr'><strong>colendas</strong></span> <span class='ocrx_word' id='word_1_14' title='bbox 340 336 484 379; x_wconf 84' lang='lat' dir='ltr'><strong>induci</strong></span> <span class='ocrx_word' id='word_1_15' title='bbox 524 334 736 376; x_wconf 87' lang='lat' dir='ltr'><strong>dicuutur.</strong></span> <span class='ocrx_word' id='word_1_16' title='bbox 776 354 836 365; x_wconf 81' lang='lat'><em>—</em></span> <span class='ocrx_word' id='word_1_17' title='bbox 874 333 920 374; x_wconf 92' lang='lat' dir='ltr'><strong>P.</strong></span> <span class='ocrx_word' id='word_1_18' title='bbox 954 333 1009 375; x_wconf 83' lang='lat'><strong>51</strong></span> <span class='ocrx_word' id='word_1_19' title='bbox 1042 333 1079 374; x_wconf 91' lang='lat' dir='ltr'>D</span> <span class='ocrx_word' id='word_1_20' title='bbox 1119 329 1198 375; x_wconf 76' lang='grc' dir='ltr'><strong>καὶ</strong></span> <span class='ocrx_word' id='word_1_21' title='bbox 1239 331 1333 374; x_wconf 77' lang='grc' dir='ltr'><strong><em>τῶν</em></strong></span> <span class='ocrx_word' id='word_1_22' title='bbox 1373 330 1549 386; x_wconf 76' lang='grc' dir='ltr'><strong><em>φωνῶν</em></strong></span> <span class='ocrx_word' id='word_1_23' title='bbox 1586 332 1647 382; x_wconf 89' lang='grc' dir='ltr'><strong>Η,</strong></span> <span class='ocrx_word' id='word_1_24' title='bbox 1687 324 1770 379; x_wconf 70' lang='grc' dir='ltr'><strong><em>τὰς</em></strong></span> <span class='ocrx_word' id='word_1_25' title='bbox 1807 330 1901 372; x_wconf 79' lang='grc' dir='ltr'><strong><em>τῶν</em></strong></span> 
     </span>
     <span class='ocr_line' id='line_1_4' title="bbox 105 388 1894 450; baseline -0.004 -12"><span class='ocrx_word' id='word_1_26' title='bbox 105 388 336 450; x_wconf 59' lang='grc' dir='ltr'><strong>φθόγγον</strong></span> <span class='ocrx_word' id='word_1_27' title='bbox 361 391 504 435; x_wconf 80' lang='lat' dir='ltr'><strong>vBs&#39;r</strong></span> <span class='ocrx_word' id='word_1_28' title='bbox 535 404 628 432; x_wconf 87' lang='lat' dir='ltr'><strong>cum</strong></span> <span class='ocrx_word' id='word_1_29' title='bbox 659 391 776 433; x_wconf 86' lang='lat' dir='ltr'><strong>libris</strong></span> <span class='ocrx_word' id='word_1_30' title='bbox 812 391 1026 444; x_wconf 87' lang='lat' dir='ltr'><strong>omnibus,</strong></span> <span class='ocrx_word' id='word_1_31' title='bbox 1058 391 1135 431; x_wconf 91' lang='lat' dir='ltr'><strong>sed</strong></span> <span class='ocrx_word' id='word_1_32' title='bbox 1163 393 1276 445; x_wconf 81' lang='lat' dir='ltr'>turpi</span> <span class='ocrx_word' id='word_1_33' title='bbox 1301 391 1472 445; x_wconf 88' lang='lat' dir='ltr'><strong>menda,</strong></span> <span class='ocrx_word' id='word_1_34' title='bbox 1507 396 1553 432; x_wconf 86' lang='lat' dir='ltr'><strong>ut</strong></span> <span class='ocrx_word' id='word_1_35' title='bbox 1582 391 1719 444; x_wconf 85' lang='lat' dir='ltr'><strong>ipsius</strong></span> <span class='ocrx_word' id='word_1_36' title='bbox 1746 389 1894 431; x_wconf 82' lang='lat' dir='ltr'><strong>Stallb.</strong></span> 
     </span>
     <span class='ocr_line' id='line_1_5' title="bbox 104 441 1901 505; baseline -0.004 -9"><span class='ocrx_word' id='word_1_37' title='bbox 104 454 244 497; x_wconf 73' lang='lat' dir='ltr'><strong>verbis</strong></span> <span class='ocrx_word' id='word_1_38' title='bbox 273 458 383 505; x_wconf 81' lang='lat' dir='ltr'><strong>utar,</strong></span> <span class='ocrx_word' id='word_1_39' title='bbox 410 451 483 503; x_wconf 91' lang='lat' dir='ltr'><strong>qui</strong></span> <span class='ocrx_word' id='word_1_40' title='bbox 514 462 695 502; x_wconf 83' lang='lat' dir='ltr'><strong>sequens</strong></span> <span class='ocrx_word' id='word_1_41' title='bbox 727 449 977 490; x_wconf 75' lang='lat' dir='ltr'><strong>femininum</strong></span> <span class='ocrx_word' id='word_1_42' title='bbox 1009 441 1173 500; x_wconf 73' lang='grc' dir='ltr'><strong><em>φωνὰς</em></strong></span> <span class='ocrx_word' id='word_1_43' title='bbox 1195 450 1408 501; x_wconf 81' lang='lat' dir='ltr'><strong>requirere</strong></span> <span class='ocrx_word' id='word_1_44' title='bbox 1436 454 1549 490; x_wconf 84' lang='lat' dir='ltr'><strong>recte</strong></span> <span class='ocrx_word' id='word_1_45' title='bbox 1574 447 1798 494; x_wconf 79' lang='lat' dir='ltr'><strong>intellexit:</strong></span> <span class='ocrx_word' id='word_1_46' title='bbox 1835 448 1901 488; x_wconf 88' lang='lat' dir='ltr'><strong>in-</strong></span> 
     </span>
     <span class='ocr_line' id='line_1_6' title="bbox 101 499 1901 572; baseline -0.003 -20"><span class='ocrx_word' id='word_1_47' title='bbox 101 509 371 554; x_wconf 79' lang='lat' dir='ltr'><strong>commodum</strong></span> <span class='ocrx_word' id='word_1_48' title='bbox 397 514 539 549; x_wconf 87' lang='lat' dir='ltr'><strong>autem</strong></span> <span class='ocrx_word' id='word_1_49' title='bbox 565 499 647 553; x_wconf 79' lang='grc' dir='ltr'><strong><em>τὰς</em></strong></span> <span class='ocrx_word' id='word_1_50' title='bbox 677 507 720 548; x_wconf 88' lang='lat' dir='ltr'><strong>in</strong></span> <span class='ocrx_word' id='word_1_51' title='bbox 746 502 826 547; x_wconf 73' lang='grc' dir='ltr'><strong>καὶ</strong></span> <span class='ocrx_word' id='word_1_52' title='bbox 851 507 1009 547; x_wconf 84' lang='lat' dir='ltr'><strong>mutavi</strong></span> <span class='ocrx_word' id='word_1_53' title='bbox 1041 518 1093 547; x_wconf 86' lang='lat' dir='ltr'><strong>ex</strong></span> <span class='ocrx_word' id='word_1_54' title='bbox 1120 507 1414 548; x_wconf 86' lang='lat' dir='ltr'><strong>observatione</strong></span> <span class='ocrx_word' id='word_1_55' title='bbox 1443 506 1507 572; x_wconf 56' lang='lat' dir='ltr'><strong>ad⁸</strong></span> <span class='ocrx_word' id='word_1_56' title='bbox 1526 518 1570 560; x_wconf 87' lang='lat' dir='ltr'><strong>p.</strong></span> <span class='ocrx_word' id='word_1_57' title='bbox 1600 503 1651 549; x_wconf 86' lang='lat'><strong>17</strong></span> <span class='ocrx_word' id='word_1_58' title='bbox 1679 507 1718 546; x_wconf 86' lang='lat' dir='ltr'>A</span> <span class='ocrx_word' id='word_1_59' title='bbox 1742 517 1901 546; x_wconf 86' lang='lat' dir='ltr'><strong>memo-</strong></span> 
     </span>
    </p>
   </div>
   <div class='ocr_carea' id='block_1_3' title="bbox 24 554 1901 617">
    <p class='ocr_par' dir='ltr' id='par_1_3' title="bbox 24 554 1901 617">
     <span class='ocr_line' id='line_1_7' title="bbox 24 554 1901 617; baseline -0.004 -7"><span class='ocrx_word' id='word_1_60' title='bbox 24 573 27 576; x_wconf 74' lang='grc'><strong><em>’</em></strong></span> <span class='ocrx_word' id='word_1_61' title='bbox 104 575 212 611; x_wconf 85' lang='lat' dir='ltr'><strong>rata.</strong></span> <span class='ocrx_word' id='word_1_62' title='bbox 242 592 301 601; x_wconf 90' lang='lat'>-</span> <span class='ocrx_word' id='word_1_63' title='bbox 329 566 378 607; x_wconf 88' lang='lat' dir='ltr'><strong>P.</strong></span> <span class='ocrx_word' id='word_1_64' title='bbox 403 564 460 607; x_wconf 74' lang='lat'><strong>52</strong></span> <span class='ocrx_word' id='word_1_65' title='bbox 492 563 524 607; x_wconf 89' lang='lat' dir='ltr'>C</span> <span class='ocrx_word' id='word_1_66' title='bbox 551 565 657 612; x_wconf 75' lang='grc' dir='ltr'><strong><em>ταῖς</em></strong></span> <span class='ocrx_word' id='word_1_67' title='bbox 689 559 739 605; x_wconf 72' lang='grc' dir='ltr'><strong>δὲ</strong></span> <span class='ocrx_word' id='word_1_68' title='bbox 770 563 864 605; x_wconf 78' lang='grc' dir='ltr'><strong><em>τῶν</em></strong></span> <span class='ocrx_word' id='word_1_69' title='bbox 892 554 1127 616; x_wconf 75' lang='grc' dir='ltr'><strong>ἐμμέτρων</strong></span> <span class='ocrx_word' id='word_1_70' title='bbox 1159 563 1215 612; x_wconf 95' lang='lat' dir='ltr'><strong>O,</strong></span> <span class='ocrx_word' id='word_1_71' title='bbox 1247 556 1331 610; x_wconf 80' lang='grc' dir='ltr'><strong><em>τὰς</em></strong></span> <span class='ocrx_word' id='word_1_72' title='bbox 1364 557 1414 605; x_wconf 78' lang='grc' dir='ltr'><strong>δὲ</strong></span> <span class='ocrx_word' id='word_1_73' title='bbox 1446 575 1510 617; x_wconf 88' lang='grc' dir='ltr'><strong>μη</strong></span> <span class='ocrx_word' id='word_1_74' title='bbox 1541 561 1634 605; x_wconf 80' lang='grc' dir='ltr'><strong><em>τῶν</em></strong></span> <span class='ocrx_word' id='word_1_75' title='bbox 1664 554 1901 617; x_wconf 73' lang='grc' dir='ltr'><strong><em>ἐμμέτρων</em></strong></span> 
     </span>
    </p>
   </div>
   <div class='ocr_carea' id='block_1_4' title="bbox 100 619 1904 1025">
    <p class='ocr_par' dir='ltr' id='par_1_4' title="bbox 100 619 1904 1025">
     <span class='ocr_line' id='line_1_8' title="bbox 101 619 1900 683; baseline -0.003 -16"><span class='ocrx_word' id='word_1_76' title='bbox 101 624 255 673; x_wconf 83' lang='lat' dir='ltr'>VBST,</span> <span class='ocrx_word' id='word_1_77' title='bbox 286 636 396 677; x_wconf 86' lang='lat' dir='ltr'><strong>quae</strong></span> <span class='ocrx_word' id='word_1_78' title='bbox 425 630 566 665; x_wconf 83' lang='lat' dir='ltr'><strong>tamen</strong></span> <span class='ocrx_word' id='word_1_79' title='bbox 596 624 690 677; x_wconf 86' lang='lat' dir='ltr'><strong>ipsa</strong></span> <span class='ocrx_word' id='word_1_80' title='bbox 721 622 843 663; x_wconf 89' lang='lat' dir='ltr'><strong>lectio</strong></span> <span class='ocrx_word' id='word_1_81' title='bbox 873 621 1197 683; x_wconf 69' lang='lat' dir='ltr'><strong>§talibaumium</strong></span> <span class='ocrx_word' id='word_1_82' title='bbox 1228 623 1375 675; x_wconf 85' lang='lat' dir='ltr'><strong>movit,</strong></span> <span class='ocrx_word' id='word_1_83' title='bbox 1410 629 1456 662; x_wconf 92' lang='lat' dir='ltr'><strong>ut</strong></span> <span class='ocrx_word' id='word_1_84' title='bbox 1485 627 1610 663; x_wconf 85' lang='lat' dir='ltr'><strong>antea</strong></span> <span class='ocrx_word' id='word_1_85' title='bbox 1639 619 1803 675; x_wconf 74' lang='grc' dir='ltr'><strong><em>θῶμεν</em></strong></span> <span class='ocrx_word' id='word_1_86' title='bbox 1823 633 1900 675; x_wconf 88' lang='lat' dir='ltr'><strong>pro</strong></span> 
     </span>
     <span class='ocr_line' id='line_1_9' title="bbox 100 672 1902 737; baseline -0.002 -13"><span class='ocrx_word' id='word_1_87' title='bbox 100 680 389 737; x_wconf 67' lang='grc' dir='ltr'><strong><em>προσθῶμεν</em></strong></span> <span class='ocrx_word' id='word_1_88' title='bbox 420 690 460 723; x_wconf 87' lang='lat' dir='ltr'><strong>et</strong></span> <span class='ocrx_word' id='word_1_89' title='bbox 491 673 637 727; x_wconf 65' lang='grc' dir='ltr'><strong><em>αὐτὰς</em></strong></span> <span class='ocrx_word' id='word_1_90' title='bbox 667 693 743 734; x_wconf 83' lang='lat' dir='ltr'><strong>pro</strong></span> <span class='ocrx_word' id='word_1_91' title='bbox 775 672 941 726; x_wconf 72' lang='grc' dir='ltr'><strong><em>αὐταῖς</em></strong></span> <span class='ocrx_word' id='word_1_92' title='bbox 966 680 1193 730; x_wconf 83' lang='lat' dir='ltr'><strong>scriberet3</strong></span> <span class='ocrx_word' id='word_1_93' title='bbox 1226 678 1329 719; x_wconf 89' lang='lat' dir='ltr'><strong>mihi</strong></span> <span class='ocrx_word' id='word_1_94' title='bbox 1358 679 1491 719; x_wconf 86' lang='lat' dir='ltr'><strong>tutius</strong></span> <span class='ocrx_word' id='word_1_95' title='bbox 1522 679 1662 721; x_wconf 83' lang='lat' dir='ltr'><strong>visum</strong></span> <span class='ocrx_word' id='word_1_96' title='bbox 1693 685 1758 720; x_wconf 88' lang='lat' dir='ltr'><strong>est</strong></span> <span class='ocrx_word' id='word_1_97' title='bbox 1786 685 1902 720; x_wconf 85' lang='lat' dir='ltr'><strong>utro-</strong></span> 
     </span>
     <span class='ocr_line' id='line_1_10' title="bbox 100 735 1900 795; baseline -0.004 -11"><span class='ocrx_word' id='word_1_98' title='bbox 100 743 230 795; x_wconf 82' lang='lat' dir='ltr'>bique</span> <span class='ocrx_word' id='word_1_99' title='bbox 261 741 447 782; x_wconf 80' lang='lat' dir='ltr'><strong>dativum</strong></span> <span class='ocrx_word' id='word_1_100' title='bbox 481 739 534 780; x_wconf 86' lang='lat' dir='ltr'><strong>ab</strong></span> <span class='ocrx_word' id='word_1_101' title='bbox 565 739 658 793; x_wconf 86' lang='lat' dir='ltr'><strong>ipso</strong></span> <span class='ocrx_word' id='word_1_102' title='bbox 699 735 985 790; x_wconf 79' lang='grc' dir='ltr'><strong><em>προσθεῖναι</em></strong></span> <span class='ocrx_word' id='word_1_103' title='bbox 1021 737 1275 791; x_wconf 79' lang='lat' dir='ltr'><strong>pendentem</strong></span> <span class='ocrx_word' id='word_1_104' title='bbox 1313 747 1499 777; x_wconf 84' lang='lat' dir='ltr'><strong>servare.</strong></span> <span class='ocrx_word' id='word_1_105' title='bbox 1559 737 1606 777; x_wconf 93' lang='lat' dir='ltr'><strong>In</strong></span> <span class='ocrx_word' id='word_1_106' title='bbox 1649 749 1699 778; x_wconf 87' lang='lat' dir='ltr'><strong>eo</strong></span> <span class='ocrx_word' id='word_1_107' title='bbox 1738 743 1900 778; x_wconf 81' lang='lat' dir='ltr'><strong>tantum</strong></span> 
     </span>
     <span class='ocr_line' id='line_1_11' title="bbox 101 788 1902 850; baseline -0.003 -8"><span class='ocrx_word' id='word_1_108' title='bbox 101 801 156 841; x_wconf 82' lang='lat' dir='ltr'><strong>ab</strong></span> <span class='ocrx_word' id='word_1_109' title='bbox 184 798 322 842; x_wconf 84' lang='lat' dir='ltr'><strong>Oxou.</strong></span> <span class='ocrx_word' id='word_1_110' title='bbox 353 797 538 845; x_wconf 82' lang='lat' dir='ltr'>recessi,</span> <span class='ocrx_word' id='word_1_111' title='bbox 573 796 688 848; x_wconf 88' lang='lat' dir='ltr'><strong>quod</strong></span> <span class='ocrx_word' id='word_1_112' title='bbox 716 807 766 849; x_wconf 76' lang='grc' dir='ltr'><strong>γε</strong></span> <span class='ocrx_word' id='word_1_113' title='bbox 798 803 895 850; x_wconf 87' lang='lat' dir='ltr'><strong>post</strong></span> <span class='ocrx_word' id='word_1_114' title='bbox 924 788 1124 847; x_wconf 81' lang='grc' dir='ltr'><strong><em>οἷπείρου</em></strong></span> <span class='ocrx_word' id='word_1_115' title='bbox 1154 795 1196 835; x_wconf 90' lang='lat' dir='ltr'><strong>in</strong></span> <span class='ocrx_word' id='word_1_116' title='bbox 1229 805 1278 835; x_wconf 84' lang='grc' dir='ltr'><strong><em>τε</em></strong></span> <span class='ocrx_word' id='word_1_117' title='bbox 1308 794 1492 843; x_wconf 86' lang='lat' dir='ltr'><strong>mutavi,</strong></span> <span class='ocrx_word' id='word_1_118' title='bbox 1527 795 1641 845; x_wconf 88' lang='lat' dir='ltr'><strong>quod</strong></span> <span class='ocrx_word' id='word_1_119' title='bbox 1670 795 1765 836; x_wconf 82' lang='lat' dir='ltr'><strong>libri</strong></span> <span class='ocrx_word' id='word_1_120' title='bbox 1798 806 1902 847; x_wconf 90' lang='lat' dir='ltr'><strong>quo-</strong></span> 
     </span>
     <span class='ocr_line' id='line_1_12' title="bbox 102 852 1902 911; baseline -0.003 -13"><span class='ocrx_word' id='word_1_121' title='bbox 102 870 188 911; x_wconf 86' lang='lat' dir='ltr'><strong>que</strong></span> <span class='ocrx_word' id='word_1_122' title='bbox 229 855 303 898; x_wconf 89' lang='lat' dir='ltr'><strong>alii</strong></span> <span class='ocrx_word' id='word_1_123' title='bbox 345 854 411 896; x_wconf 85' lang='lat' dir='ltr'><strong>vel</strong></span> <span class='ocrx_word' id='word_1_124' title='bbox 450 853 586 895; x_wconf 84' lang='lat' dir='ltr'><strong>solum</strong></span> <span class='ocrx_word' id='word_1_125' title='bbox 631 854 698 894; x_wconf 85' lang='lat' dir='ltr'><strong>vel</strong></span> <span class='ocrx_word' id='word_1_126' title='bbox 736 867 831 895; x_wconf 91' lang='lat' dir='ltr'><strong>cum</strong></span> <span class='ocrx_word' id='word_1_127' title='bbox 860 864 909 906; x_wconf 75' lang='grc' dir='ltr'><strong>γε</strong></span> <span class='ocrx_word' id='word_1_128' title='bbox 937 855 1131 906; x_wconf 85' lang='lat' dir='ltr'><strong>junctum</strong></span> <span class='ocrx_word' id='word_1_129' title='bbox 1161 852 1362 901; x_wconf 81' lang='lat' dir='ltr'><strong>offerunt,</strong></span> <span class='ocrx_word' id='word_1_130' title='bbox 1403 857 1449 891; x_wconf 87' lang='lat' dir='ltr'><strong>ut</strong></span> <span class='ocrx_word' id='word_1_131' title='bbox 1479 857 1664 892; x_wconf 84' lang='lat' dir='ltr'><strong>veterem</strong></span> <span class='ocrx_word' id='word_1_132' title='bbox 1698 853 1902 906; x_wconf 81' lang='lat' dir='ltr'><strong>dittogra-</strong></span> 
     </span>
     <span class='ocr_line' id='line_1_13' title="bbox 104 900 1902 969; baseline -0.004 -13"><span class='ocrx_word' id='word_1_133' title='bbox 104 914 249 969; x_wconf 79' lang='lat' dir='ltr'><strong>phiam</strong></span> <span class='ocrx_word' id='word_1_134' title='bbox 281 924 515 968; x_wconf 78' lang='lat' dir='ltr'><strong>agnoscas:</strong></span> <span class='ocrx_word' id='word_1_135' title='bbox 552 905 601 952; x_wconf 70' lang='grc' dir='ltr'><strong><em>τὲ</em></strong></span> <span class='ocrx_word' id='word_1_136' title='bbox 630 919 771 953; x_wconf 84' lang='lat' dir='ltr'><strong>tamen</strong></span> <span class='ocrx_word' id='word_1_137' title='bbox 797 918 984 952; x_wconf 87' lang='lat' dir='ltr'><strong>mutuam</strong></span> <span class='ocrx_word' id='word_1_138' title='bbox 1009 910 1254 951; x_wconf 75' lang='lat' dir='ltr'><strong>relationem</strong></span> <span class='ocrx_word' id='word_1_139' title='bbox 1282 911 1390 950; x_wconf 89' lang='lat' dir='ltr'><strong>inter</strong></span> <span class='ocrx_word' id='word_1_140' title='bbox 1418 900 1615 960; x_wconf 77' lang='grc' dir='ltr'><strong><em>ἄπειρον</em></strong></span> <span class='ocrx_word' id='word_1_141' title='bbox 1651 914 1691 950; x_wconf 81' lang='lat' dir='ltr'><strong>et</strong></span> <span class='ocrx_word' id='word_1_142' title='bbox 1725 907 1902 963; x_wconf 71' lang='grc' dir='ltr'><strong><em>μᾶλλον</em></strong></span> 
     </span>
     <span class='ocr_line' id='line_1_14' title="bbox 103 959 1904 1025; baseline -0.003 -12"><span class='ocrx_word' id='word_1_143' title='bbox 103 968 184 1013; x_wconf 67' lang='grc' dir='ltr'><strong>καὶ</strong></span> <span class='ocrx_word' id='word_1_144' title='bbox 225 959 366 1025; x_wconf 78' lang='grc' dir='ltr'><strong><em>ἦττον</em></strong></span> <span class='ocrx_word' id='word_1_145' title='bbox 404 971 544 1024; x_wconf 89' lang='lat' dir='ltr'><strong>aptius</strong></span> <span class='ocrx_word' id='word_1_146' title='bbox 582 970 808 1024; x_wconf 82' lang='lat' dir='ltr'><strong>significat.</strong></span> <span class='ocrx_word' id='word_1_147' title='bbox 850 992 902 998; x_wconf 97' lang='lat'><strong>—</strong></span> <span class='ocrx_word' id='word_1_148' title='bbox 943 970 990 1010; x_wconf 86' lang='lat' dir='ltr'><strong>P.</strong></span> <span class='ocrx_word' id='word_1_149' title='bbox 1023 966 1081 1010; x_wconf 80' lang='lat'><strong>53</strong></span> <span class='ocrx_word' id='word_1_150' title='bbox 1111 966 1142 1008; x_wconf 88' lang='lat' dir='ltr'>C</span> <span class='ocrx_word' id='word_1_151' title='bbox 1181 964 1316 1008; x_wconf 81' lang='grc' dir='ltr'><strong><em>τοῦτο</em></strong></span> <span class='ocrx_word' id='word_1_152' title='bbox 1347 959 1654 1020; x_wconf 78' lang='grc' dir='ltr'><strong><em>ἕπανερωτῶν</em></strong></span> <span class='ocrx_word' id='word_1_153' title='bbox 1684 965 1741 1017; x_wconf 91' lang='grc' dir='ltr'><strong>Ο,</strong></span> <span class='ocrx_word' id='word_1_154' title='bbox 1781 959 1904 1007; x_wconf 86' lang='grc' dir='ltr'><strong><em>τοῦτ’</em></strong></span> 
     </span>
    </p>
   </div>
   <div class='ocr_carea' id='block_1_5' title="bbox 0 1022 1902 1100">
    <p class='ocr_par' dir='ltr' id='par_1_5' title="bbox 0 1022 1902 1100">
     <span class='ocr_line' id='line_1_15' title="bbox 0 1022 1902 1100; baseline -0.003 -29"><span class='ocrx_word' id='word_1_155' title='bbox 0 1089 1 1100; x_wconf 19' lang='lat'>¹</span> <span class='ocrx_word' id='word_1_156' title='bbox 24 1036 33 1038; x_wconf 60' lang='lat'><em>⁷</em></span> <span class='ocrx_word' id='word_1_157' title='bbox 102 1022 217 1071; x_wconf 69' lang='grc' dir='ltr'><strong><em>αὐτὸ</em></strong></span> <span class='ocrx_word' id='word_1_158' title='bbox 247 1028 386 1070; x_wconf 84' lang='lat' dir='ltr'>VBST</span> <span class='ocrx_word' id='word_1_159' title='bbox 409 1029 563 1082; x_wconf 79' lang='lat' dir='ltr'><strong>exiguo</strong></span> <span class='ocrx_word' id='word_1_160' title='bbox 586 1027 852 1073; x_wconf 83' lang='lat' dir='ltr'><strong>discrimine;</strong></span> <span class='ocrx_word' id='word_1_161' title='bbox 890 1027 1063 1080; x_wconf 83' lang='lat' dir='ltr'><strong>gravius</strong></span> <span class='ocrx_word' id='word_1_162' title='bbox 1089 1032 1152 1067; x_wconf 85' lang='lat' dir='ltr'><strong>est</strong></span> <span class='ocrx_word' id='word_1_163' title='bbox 1178 1026 1294 1078; x_wconf 90' lang='lat' dir='ltr'><strong>quod</strong></span> <span class='ocrx_word' id='word_1_164' title='bbox 1318 1037 1362 1080; x_wconf 83' lang='lat' dir='ltr'><strong>p.</strong></span> <span class='ocrx_word' id='word_1_165' title='bbox 1390 1023 1450 1067; x_wconf 82' lang='lat'><strong>54</strong></span> <span class='ocrx_word' id='word_1_166' title='bbox 1473 1026 1506 1066; x_wconf 93' lang='lat' dir='ltr'>B</span> <span class='ocrx_word' id='word_1_167' title='bbox 1534 1037 1588 1066; x_wconf 81' lang='lat' dir='ltr'><strong>ex</strong></span> <span class='ocrx_word' id='word_1_168' title='bbox 1612 1026 1722 1078; x_wconf 85' lang='lat' dir='ltr'><strong>conj.</strong></span> <span class='ocrx_word' id='word_1_169' title='bbox 1751 1026 1902 1079; x_wconf 81' lang='lat' dir='ltr'><strong>scripsi</strong></span> 
     </span>
    </p>
   </div>
   <div class='ocr_carea' id='block_1_6' title="bbox 100 1075 1901 1141">
    <p class='ocr_par' dir='ltr' id='par_1_6' title="bbox 100 1075 1901 1141">
     <span class='ocr_line' id='line_1_16' title="bbox 100 1075 1901 1141; baseline -0.003 -13"><span class='ocrx_word' id='word_1_170' title='bbox 100 1080 439 1141; x_wconf 67' lang='grc' dir='ltr'><strong><em>ἐπανερωτᾳῖης</em></strong></span> <span class='ocrx_word' id='word_1_171' title='bbox 470 1098 546 1139; x_wconf 90' lang='lat' dir='ltr'><strong>pro</strong></span> <span class='ocrx_word' id='word_1_172' title='bbox 572 1085 686 1140; x_wconf 84' lang='lat' dir='ltr'><strong>vulg.</strong></span> <span class='ocrx_word' id='word_1_173' title='bbox 712 1085 808 1126; x_wconf 88' lang='lat' dir='ltr'><strong>lect.</strong></span> <span class='ocrx_word' id='word_1_174' title='bbox 834 1076 1065 1140; x_wconf 73' lang='grc' dir='ltr'><strong><em>ἐπερωτᾷς</em></strong></span> <span class='ocrx_word' id='word_1_175' title='bbox 1092 1083 1159 1125; x_wconf 90' lang='lat' dir='ltr'><strong>vel</strong></span> <span class='ocrx_word' id='word_1_176' title='bbox 1191 1090 1236 1124; x_wconf 89' lang='lat' dir='ltr'><strong>ut</strong></span> <span class='ocrx_word' id='word_1_177' title='bbox 1267 1084 1310 1124; x_wconf 89' lang='lat' dir='ltr'><strong>in</strong></span> <span class='ocrx_word' id='word_1_178' title='bbox 1337 1082 1472 1124; x_wconf 83' lang='lat' dir='ltr'><strong>Oxon.</strong></span> <span class='ocrx_word' id='word_1_179' title='bbox 1499 1089 1564 1124; x_wconf 87' lang='lat' dir='ltr'><strong>est</strong></span> <span class='ocrx_word' id='word_1_180' title='bbox 1592 1075 1901 1140; x_wconf 77' lang='grc' dir='ltr'><strong><em>ἐπανερωτᾷς,</em></strong></span> 
     </span>
    </p>
   </div>
   <div class='ocr_carea' id='block_1_7' title="bbox 8 1141 1900 1200">
    <p class='ocr_par' dir='ltr' id='par_1_7' title="bbox 8 1141 1900 1200">
     <span class='ocr_line' id='line_1_17' title="bbox 8 1141 1900 1200; baseline -0.004 -12"><span class='ocrx_word' id='word_1_181' title='bbox 8 1142 19 1151; x_wconf 79' lang='lat'><strong>&#39;</strong></span> <span class='ocrx_word' id='word_1_182' title='bbox 101 1157 228 1200; x_wconf 84' lang='lat' dir='ltr'><strong>quam</strong></span> <span class='ocrx_word' id='word_1_183' title='bbox 261 1145 391 1185; x_wconf 79' lang='lat' dir='ltr'><strong>variis</strong></span> <span class='ocrx_word' id='word_1_184' title='bbox 420 1145 583 1184; x_wconf 84' lang='lat' dir='ltr'><strong>artibus</strong></span> <span class='ocrx_word' id='word_1_185' title='bbox 615 1144 745 1184; x_wconf 82' lang='lat' dir='ltr'><strong>critici</strong></span> <span class='ocrx_word' id='word_1_186' title='bbox 780 1156 805 1184; x_wconf 84' lang='lat' dir='ltr'><strong>a</strong></span> <span class='ocrx_word' id='word_1_187' title='bbox 835 1143 1081 1196; x_wconf 82' lang='lat' dir='ltr'><strong>turpissimo</strong></span> <span class='ocrx_word' id='word_1_188' title='bbox 1114 1141 1365 1182; x_wconf 86' lang='lat' dir='ltr'><strong>soloecismo</strong></span> <span class='ocrx_word' id='word_1_189' title='bbox 1400 1141 1579 1182; x_wconf 88' lang='lat' dir='ltr'><strong>liberare</strong></span> <span class='ocrx_word' id='word_1_190' title='bbox 1611 1142 1751 1182; x_wconf 86' lang='lat' dir='ltr'><strong>conati</strong></span> <span class='ocrx_word' id='word_1_191' title='bbox 1781 1146 1900 1189; x_wconf 87' lang='lat' dir='ltr'><strong>suut;</strong></span> 
     </span>
    </p>
   </div>
   <div class='ocr_carea' id='block_1_8' title="bbox 102 1199 1915 2075">
    <p class='ocr_par' dir='ltr' id='par_1_8' title="bbox 102 1199 1915 2075">
     <span class='ocr_line' id='line_1_18' title="bbox 102 1199 1902 1254; baseline -0.003 -9"><span class='ocrx_word' id='word_1_192' title='bbox 102 1215 242 1245; x_wconf 79' lang='lat' dir='ltr'><strong>meam</strong></span> <span class='ocrx_word' id='word_1_193' title='bbox 274 1202 610 1243; x_wconf 72' lang='lat' dir='ltr'><strong>emendationem</strong></span> <span class='ocrx_word' id='word_1_194' title='bbox 649 1208 688 1242; x_wconf 88' lang='lat' dir='ltr'><strong>et</strong></span> <span class='ocrx_word' id='word_1_195' title='bbox 719 1199 988 1254; x_wconf 80' lang='lat' dir='ltr'><strong>simplicitate</strong></span> <span class='ocrx_word' id='word_1_196' title='bbox 1020 1207 1061 1241; x_wconf 84' lang='lat' dir='ltr'><strong>et</strong></span> <span class='ocrx_word' id='word_1_197' title='bbox 1097 1200 1330 1240; x_wconf 87' lang='lat' dir='ltr'><strong>sententiae</strong></span> <span class='ocrx_word' id='word_1_198' title='bbox 1363 1199 1658 1240; x_wconf 85' lang='lat' dir='ltr'><strong>convenientia</strong></span> <span class='ocrx_word' id='word_1_199' title='bbox 1690 1211 1902 1240; x_wconf 86' lang='lat' dir='ltr'><strong>commen-</strong></span> 
     </span>
     <span class='ocr_line' id='line_1_19' title="bbox 106 1256 1903 1311; baseline -0.003 -9"><span class='ocrx_word' id='word_1_200' title='bbox 106 1260 197 1302; x_wconf 81' lang='lat' dir='ltr'><strong>dari</strong></span> <span class='ocrx_word' id='word_1_201' title='bbox 230 1261 432 1307; x_wconf 75' lang='lat' dir='ltr'><strong>arbitror,</strong></span> <span class='ocrx_word' id='word_1_202' title='bbox 475 1258 877 1311; x_wconf 78' lang='lat' dir='ltr'><strong>quia&#39;Protarclium</strong></span> <span class='ocrx_word' id='word_1_203' title='bbox 908 1257 1178 1299; x_wconf 79' lang='lat' dir='ltr'><strong>manifestum</strong></span> <span class='ocrx_word' id='word_1_204' title='bbox 1211 1263 1274 1298; x_wconf 88' lang='lat' dir='ltr'><strong>est</strong></span> <span class='ocrx_word' id='word_1_205' title='bbox 1305 1258 1596 1309; x_wconf 89' lang='lat' dir='ltr'><strong>quaestionem</strong></span> <span class='ocrx_word' id='word_1_206' title='bbox 1630 1256 1845 1298; x_wconf 78' lang='lat' dir='ltr'><strong>difficilem</strong></span> <span class='ocrx_word' id='word_1_207' title='bbox 1878 1268 1903 1297; x_wconf 82' lang='lat' dir='ltr'><strong>a</strong></span> 
     </span>
     <span class='ocr_line' id='line_1_20' title="bbox 104 1301 1902 1379; baseline -0.003 -20"><span class='ocrx_word' id='word_1_208' title='bbox 104 1317 275 1359; x_wconf 82' lang='lat' dir='ltr'><strong>Socrate</strong></span> <span class='ocrx_word' id='word_1_209' title='bbox 308 1317 450 1358; x_wconf 79' lang='lat' dir='ltr'><strong>iierari</strong></span> <span class='ocrx_word' id='word_1_210' title='bbox 480 1315 599 1379; x_wconf 61' lang='lat' dir='ltr'><strong>vglle.</strong></span> <span class='ocrx_word' id='word_1_211' title='bbox 638 1337 696 1346; x_wconf 89' lang='lat'><em>-</em></span> <span class='ocrx_word' id='word_1_212' title='bbox 729 1316 774 1356; x_wconf 90' lang='lat' dir='ltr'><strong>P.</strong></span> <span class='ocrx_word' id='word_1_213' title='bbox 809 1314 866 1356; x_wconf 77' lang='lat'><strong>54</strong></span> <span class='ocrx_word' id='word_1_214' title='bbox 892 1314 928 1355; x_wconf 94' lang='lat' dir='ltr'>D</span> <span class='ocrx_word' id='word_1_215' title='bbox 968 1306 1107 1362; x_wconf 75' lang='grc' dir='ltr'><strong><em>αὐτὸς</em></strong></span> <span class='ocrx_word' id='word_1_216' title='bbox 1141 1301 1275 1362; x_wconf 78' lang='grc' dir='ltr'><strong><em>οὗτος</em></strong></span> <span class='ocrx_word' id='word_1_217' title='bbox 1311 1314 1343 1356; x_wconf 94' lang='grc' dir='ltr'>Ο</span> <span class='ocrx_word' id='word_1_218' title='bbox 1375 1321 1416 1355; x_wconf 90' lang='lat' dir='ltr'><strong>et</strong></span> <span class='ocrx_word' id='word_1_219' title='bbox 1447 1315 1487 1356; x_wconf 90' lang='lat' dir='ltr'>V</span> <span class='ocrx_word' id='word_1_220' title='bbox 1518 1327 1613 1355; x_wconf 89' lang='lat' dir='ltr'><strong>cum</strong></span> <span class='ocrx_word' id='word_1_221' title='bbox 1646 1314 1822 1367; x_wconf 87' lang='lat' dir='ltr'><strong>reliquis</strong></span> <span class='ocrx_word' id='word_1_222' title='bbox 1852 1314 1902 1354; x_wconf 89' lang='lat' dir='ltr'><strong>li-</strong></span> 
     </span>
     <span class='ocr_line' id='line_1_21' title="bbox 107 1366 1901 1426; baseline -0.003 -10"><span class='ocrx_word' id='word_1_223' title='bbox 107 1377 208 1418; x_wconf 78' lang='lat' dir='ltr'><strong>bris.</strong></span> <span class='ocrx_word' id='word_1_224' title='bbox 242 1368 267 1415; x_wconf 85' lang='grc' dir='ltr'>ὁ</span> <span class='ocrx_word' id='word_1_225' title='bbox 297 1366 437 1420; x_wconf 75' lang='grc' dir='ltr'><strong><em>αὐτὸς</em></strong></span> <span class='ocrx_word' id='word_1_226' title='bbox 469 1384 602 1420; x_wconf 79' lang='grc' dir='ltr'><strong><em>ουτος</em></strong></span> <span class='ocrx_word' id='word_1_227' title='bbox 626 1372 724 1414; x_wconf 84' lang='lat' dir='ltr'><strong>BS&#39;r</strong></span> <span class='ocrx_word' id='word_1_228' title='bbox 755 1386 806 1414; x_wconf 87' lang='lat' dir='ltr'><strong>ex</strong></span> <span class='ocrx_word' id='word_1_229' title='bbox 834 1372 965 1414; x_wconf 79' lang='lat' dir='ltr'><strong>Bekk.</strong></span> <span class='ocrx_word' id='word_1_230' title='bbox 998 1373 1111 1426; x_wconf 87' lang='lat' dir='ltr'><strong>conj.</strong></span> <span class='ocrx_word' id='word_1_231' title='bbox 1144 1385 1226 1414; x_wconf 91' lang='lat' dir='ltr'><strong>non</strong></span> <span class='ocrx_word' id='word_1_232' title='bbox 1262 1373 1528 1421; x_wconf 52' lang='lat' dir='ltr'><strong>necessarum</strong></span> <span class='ocrx_word' id='word_1_233' title='bbox 1555 1372 1611 1414; x_wconf 77' lang='lat' dir='ltr'><strong>cf.</strong></span> <span class='ocrx_word' id='word_1_234' title='bbox 1633 1372 1740 1417; x_wconf 90' lang='lat' dir='ltr'><strong>God.</strong></span> <span class='ocrx_word' id='word_1_235' title='bbox 1759 1373 1901 1414; x_wconf 90' lang='lat' dir='ltr'><strong>Herm.</strong></span> 
     </span>
     <span class='ocr_line' id='line_1_22' title="bbox 132 1420 1903 1487; baseline -0.002 -13"><span class='ocrx_word' id='word_1_236' title='bbox 132 1434 161 1474; x_wconf 88' lang='lat' dir='ltr'><strong>d</strong></span> <span class='ocrx_word' id='word_1_237' title='bbox 184 1431 315 1487; x_wconf 85' lang='lat' dir='ltr'><strong>Soph.</strong></span> <span class='ocrx_word' id='word_1_238' title='bbox 345 1433 489 1484; x_wconf 78' lang='lat' dir='ltr'><strong>Antig.</strong></span> <span class='ocrx_word' id='word_1_239' title='bbox 518 1429 619 1475; x_wconf 75' lang='lat'><strong>920.</strong></span> <span class='ocrx_word' id='word_1_240' title='bbox 654 1454 710 1461; x_wconf 92' lang='lat'>—</span> <span class='ocrx_word' id='word_1_241' title='bbox 739 1431 786 1471; x_wconf 88' lang='lat' dir='ltr'><strong>P.</strong></span> <span class='ocrx_word' id='word_1_242' title='bbox 813 1429 871 1472; x_wconf 80' lang='lat'><strong>54</strong></span> <span class='ocrx_word' id='word_1_243' title='bbox 894 1430 926 1470; x_wconf 88' lang='lat' dir='ltr'>E</span> <span class='ocrx_word' id='word_1_244' title='bbox 958 1428 1129 1483; x_wconf 82' lang='grc' dir='ltr'><strong><em>πείνην</em></strong></span> <span class='ocrx_word' id='word_1_245' title='bbox 1161 1429 1210 1479; x_wconf 90' lang='grc' dir='ltr'><strong>Ο,</strong></span> <span class='ocrx_word' id='word_1_246' title='bbox 1241 1420 1272 1482; x_wconf 83' lang='grc' dir='ltr'><em>ἢ</em></span> <span class='ocrx_word' id='word_1_247' title='bbox 1303 1429 1477 1483; x_wconf 85' lang='grc' dir='ltr'><strong><em>πείνην</em></strong></span> <span class='ocrx_word' id='word_1_248' title='bbox 1507 1429 1662 1480; x_wconf 83' lang='lat' dir='ltr'><strong>VEST,</strong></span> <span class='ocrx_word' id='word_1_249' title='bbox 1696 1443 1781 1483; x_wconf 81' lang='lat' dir='ltr'><strong>qua</strong></span> <span class='ocrx_word' id='word_1_250' title='bbox 1805 1442 1903 1484; x_wconf 86' lang='lat' dir='ltr'><strong>par-</strong></span> 
     </span>
     <span class='ocr_line' id='line_1_23' title="bbox 106 1481 1915 1543; baseline -0.002 -12"><span class='ocrx_word' id='word_1_251' title='bbox 106 1489 235 1531; x_wconf 81' lang='lat' dir='ltr'><strong>ticula</strong></span> <span class='ocrx_word' id='word_1_252' title='bbox 267 1502 349 1530; x_wconf 88' lang='lat' dir='ltr'><strong>uon</strong></span> <span class='ocrx_word' id='word_1_253' title='bbox 382 1490 520 1543; x_wconf 80' lang='lat' dir='ltr'><strong>magis</strong></span> <span class='ocrx_word' id='word_1_254' title='bbox 555 1501 664 1543; x_wconf 87' lang='lat' dir='ltr'><strong>opus</strong></span> <span class='ocrx_word' id='word_1_255' title='bbox 696 1495 774 1538; x_wconf 82' lang='lat' dir='ltr'><strong>est,</strong></span> <span class='ocrx_word' id='word_1_256' title='bbox 808 1501 932 1540; x_wconf 78' lang='lat' dir='ltr'><strong>quam</strong></span> <span class='ocrx_word' id='word_1_257' title='bbox 961 1500 1060 1528; x_wconf 88' lang='lat' dir='ltr'><strong>mox</strong></span> <span class='ocrx_word' id='word_1_258' title='bbox 1084 1499 1129 1541; x_wconf 88' lang='lat' dir='ltr'><strong>p.</strong></span> <span class='ocrx_word' id='word_1_259' title='bbox 1159 1488 1216 1529; x_wconf 86' lang='lat'><strong>55</strong></span> <span class='ocrx_word' id='word_1_260' title='bbox 1239 1490 1276 1528; x_wconf 83' lang='grc' dir='ltr'>Α</span> <span class='ocrx_word' id='word_1_261' title='bbox 1305 1481 1354 1541; x_wconf 65' lang='grc' dir='ltr'><strong>γε</strong></span> <span class='ocrx_word' id='word_1_262' title='bbox 1379 1495 1477 1542; x_wconf 90' lang='lat' dir='ltr'><strong>post</strong></span> <span class='ocrx_word' id='word_1_263' title='bbox 1503 1486 1765 1540; x_wconf 75' lang='grc' dir='ltr'><strong><em>γίγνεσθαι,</em></strong></span> <span class='ocrx_word' id='word_1_264' title='bbox 1789 1487 1915 1539; x_wconf 76' lang='lat' dir='ltr'><strong>quod</strong></span> 
     </span>
     <span class='ocr_line' id='line_1_24' title="bbox 104 1540 1902 1600; baseline -0.001 -12"><span class='ocrx_word' id='word_1_265' title='bbox 104 1548 332 1589; x_wconf 86' lang='lat' dir='ltr'><strong>insiticium</strong></span> <span class='ocrx_word' id='word_1_266' title='bbox 361 1559 455 1588; x_wconf 86' lang='lat' dir='ltr'><strong>esse</strong></span> <span class='ocrx_word' id='word_1_267' title='bbox 483 1548 610 1587; x_wconf 88' lang='lat' dir='ltr'><strong>etiam</strong></span> <span class='ocrx_word' id='word_1_268' title='bbox 638 1546 746 1587; x_wconf 74' lang='lat' dir='ltr'><strong>falsa</strong></span> <span class='ocrx_word' id='word_1_269' title='bbox 774 1546 906 1588; x_wconf 85' lang='lat' dir='ltr'><strong>Oxon.</strong></span> <span class='ocrx_word' id='word_1_270' title='bbox 934 1546 1057 1587; x_wconf 92' lang='lat' dir='ltr'><strong>lectio</strong></span> <span class='ocrx_word' id='word_1_271' title='bbox 1085 1540 1322 1598; x_wconf 76' lang='grc' dir='ltr'><strong><em>γενέσθαι,</em></strong></span> <span class='ocrx_word' id='word_1_272' title='bbox 1353 1547 1512 1600; x_wconf 89' lang='lat' dir='ltr'><strong>quippe</strong></span> <span class='ocrx_word' id='word_1_273' title='bbox 1538 1559 1591 1586; x_wconf 86' lang='lat' dir='ltr'><strong>ex</strong></span> <span class='ocrx_word' id='word_1_274' title='bbox 1613 1546 1902 1600; x_wconf 78' lang='lat' dir='ltr'><strong>suprascripto</strong></span> 
     </span>
     <span class='ocr_line' id='line_1_25' title="bbox 106 1596 1904 1658; baseline -0.001 -13"><span class='ocrx_word' id='word_1_275' title='bbox 106 1603 300 1658; x_wconf 81' lang='lat' dir='ltr'><strong>maleque</strong></span> <span class='ocrx_word' id='word_1_276' title='bbox 333 1604 448 1645; x_wconf 86' lang='lat' dir='ltr'><strong>illato</strong></span> <span class='ocrx_word' id='word_1_277' title='bbox 478 1598 527 1656; x_wconf 73' lang='grc' dir='ltr'><strong>γὲ</strong></span> <span class='ocrx_word' id='word_1_278' title='bbox 564 1611 678 1654; x_wconf 86' lang='lat' dir='ltr'><strong>orta,</strong></span> <span class='ocrx_word' id='word_1_279' title='bbox 709 1604 880 1645; x_wconf 74' lang='lat' dir='ltr'><strong>Iudicat.</strong></span> <span class='ocrx_word' id='word_1_280' title='bbox 925 1626 982 1634; x_wconf 94' lang='lat'><strong>——</strong></span> <span class='ocrx_word' id='word_1_281' title='bbox 1022 1604 1127 1645; x_wconf 93' lang='lat' dir='ltr'><strong>lbid.</strong></span> <span class='ocrx_word' id='word_1_282' title='bbox 1161 1596 1364 1646; x_wconf 80' lang='grc' dir='ltr'><strong><em>δυνατὸν</em></strong></span> <span class='ocrx_word' id='word_1_283' title='bbox 1403 1615 1498 1645; x_wconf 90' lang='lat' dir='ltr'><strong>cum</strong></span> <span class='ocrx_word' id='word_1_284' title='bbox 1529 1601 1678 1645; x_wconf 83' lang='lat' dir='ltr'><strong>Stallb.</strong></span> <span class='ocrx_word' id='word_1_285' title='bbox 1711 1610 1758 1644; x_wconf 89' lang='lat' dir='ltr'><strong>ut</strong></span> <span class='ocrx_word' id='word_1_286' title='bbox 1789 1602 1904 1656; x_wconf 79' lang='lat' dir='ltr'><strong>glos-</strong></span> 
     </span>
     <span class='ocr_line' id='line_1_26' title="bbox 105 1660 1905 1715; baseline -0.002 -11"><span class='ocrx_word' id='word_1_287' title='bbox 105 1674 223 1704; x_wconf 82' lang='lat' dir='ltr'><strong>sema</strong></span> <span class='ocrx_word' id='word_1_288' title='bbox 263 1663 597 1715; x_wconf 81' lang='lat' dir='ltr'><strong>circumscripsi:</strong></span> <span class='ocrx_word' id='word_1_289' title='bbox 638 1662 861 1703; x_wconf 80' lang='lat' dir='ltr'><strong>audaciore</strong></span> <span class='ocrx_word' id='word_1_290' title='bbox 895 1669 1060 1710; x_wconf 89' lang='lat' dir='ltr'><strong>autem,</strong></span> <span class='ocrx_word' id='word_1_291' title='bbox 1105 1674 1346 1713; x_wconf 78' lang='lat' dir='ltr'><strong>quanquam</strong></span> <span class='ocrx_word' id='word_1_292' title='bbox 1375 1666 1422 1702; x_wconf 89' lang='lat' dir='ltr'><strong>ut</strong></span> <span class='ocrx_word' id='word_1_293' title='bbox 1452 1661 1631 1702; x_wconf 83' lang='lat' dir='ltr'><strong>arbitror</strong></span> <span class='ocrx_word' id='word_1_294' title='bbox 1661 1660 1905 1702; x_wconf 82' lang='lat' dir='ltr'><strong>necessaria</strong></span> 
     </span>
     <span class='ocr_line' id='line_1_27' title="bbox 107 1706 1904 1774; baseline -0.002 -14"><span class='ocrx_word' id='word_1_295' title='bbox 107 1722 344 1774; x_wconf 67' lang='lat' dir='ltr'><strong>conjectura</strong></span> <span class='ocrx_word' id='word_1_296' title='bbox 378 1732 420 1773; x_wconf 87' lang='lat' dir='ltr'><strong>p.</strong></span> <span class='ocrx_word' id='word_1_297' title='bbox 454 1717 511 1762; x_wconf 83' lang='lat'><strong>56</strong></span> <span class='ocrx_word' id='word_1_298' title='bbox 548 1722 582 1760; x_wconf 78' lang='lat' dir='ltr'>A</span> <span class='ocrx_word' id='word_1_299' title='bbox 614 1732 690 1773; x_wconf 88' lang='lat' dir='ltr'><strong>pro</strong></span> <span class='ocrx_word' id='word_1_300' title='bbox 722 1712 863 1772; x_wconf 76' lang='grc' dir='ltr'><strong><em>αὐτῆς</em></strong></span> <span class='ocrx_word' id='word_1_301' title='bbox 897 1711 1120 1770; x_wconf 72' lang='grc' dir='ltr'><strong><em>αὐλητικὴ</em></strong></span> <span class='ocrx_word' id='word_1_302' title='bbox 1161 1719 1313 1772; x_wconf 85' lang='lat' dir='ltr'><strong>scripsi</strong></span> <span class='ocrx_word' id='word_1_303' title='bbox 1352 1706 1413 1758; x_wconf 80' lang='grc' dir='ltr'><strong>αὖ</strong></span> <span class='ocrx_word' id='word_1_304' title='bbox 1443 1710 1673 1772; x_wconf 74' lang='grc' dir='ltr'><strong><em>ψαλτική,</em></strong></span> <span class='ocrx_word' id='word_1_305' title='bbox 1717 1718 1832 1771; x_wconf 84' lang='lat' dir='ltr'><strong>quod</strong></span> <span class='ocrx_word' id='word_1_306' title='bbox 1862 1722 1904 1758; x_wconf 86' lang='lat' dir='ltr'><strong>et</strong></span> 
     </span>
     <span class='ocr_line' id='line_1_28' title="bbox 105 1768 1903 1831; baseline -0.001 -14"><span class='ocrx_word' id='word_1_307' title='bbox 105 1777 184 1825; x_wconf 81' lang='lat' dir='ltr'><strong>iis,</strong></span> <span class='ocrx_word' id='word_1_308' title='bbox 216 1789 326 1830; x_wconf 84' lang='lat' dir='ltr'><strong>quae</strong></span> <span class='ocrx_word' id='word_1_309' title='bbox 357 1776 437 1817; x_wconf 84' lang='lat' dir='ltr'><strong>hac</strong></span> <span class='ocrx_word' id='word_1_310' title='bbox 469 1777 521 1818; x_wconf 86' lang='lat' dir='ltr'><strong>de</strong></span> <span class='ocrx_word' id='word_1_311' title='bbox 554 1784 642 1817; x_wconf 86' lang='lat' dir='ltr'><strong>arte</strong></span> <span class='ocrx_word' id='word_1_312' title='bbox 671 1770 723 1817; x_wconf 89' lang='grc' dir='ltr'><strong><em>τὸ</em></strong></span> <span class='ocrx_word' id='word_1_313' title='bbox 753 1773 923 1829; x_wconf 80' lang='grc' dir='ltr'><strong><em>μέτρον</em></strong></span> <span class='ocrx_word' id='word_1_314' title='bbox 955 1768 1151 1829; x_wconf 75' lang='grc' dir='ltr'><strong><em>ἑκάστης</em></strong></span> <span class='ocrx_word' id='word_1_315' title='bbox 1181 1773 1358 1830; x_wconf 76' lang='grc' dir='ltr'><strong><em>χορδῆς</em></strong></span> <span class='ocrx_word' id='word_1_316' title='bbox 1386 1769 1657 1831; x_wconf 81' lang='grc' dir='ltr'><strong><em>θηρευούσῃ</em></strong></span> <span class='ocrx_word' id='word_1_317' title='bbox 1691 1776 1903 1825; x_wconf 86' lang='lat' dir='ltr'><strong>dicuntur,</strong></span> 
     </span>
     <span class='ocr_line' id='line_1_29' title="bbox 104 1830 1902 1889; baseline -0.001 -14"><span class='ocrx_word' id='word_1_318' title='bbox 104 1834 333 1876; x_wconf 73' lang='lat' dir='ltr'><strong>admodum</strong></span> <span class='ocrx_word' id='word_1_319' title='bbox 363 1835 555 1875; x_wconf 85' lang='lat' dir='ltr'><strong>convenit</strong></span> <span class='ocrx_word' id='word_1_320' title='bbox 595 1843 634 1875; x_wconf 87' lang='lat' dir='ltr'><strong>ct</strong></span> <span class='ocrx_word' id='word_1_321' title='bbox 666 1835 748 1888; x_wconf 86' lang='lat' dir='ltr'><strong>ipsi</strong></span> <span class='ocrx_word' id='word_1_322' title='bbox 777 1830 978 1889; x_wconf 83' lang='grc' dir='ltr'><strong><em>μουσικῇ</em></strong></span> <span class='ocrx_word' id='word_1_323' title='bbox 1008 1839 1120 1875; x_wconf 87' lang='lat' dir='ltr'><strong>recte</strong></span> <span class='ocrx_word' id='word_1_324' title='bbox 1152 1835 1393 1888; x_wconf 90' lang='lat' dir='ltr'><strong>opponitur,</strong></span> <span class='ocrx_word' id='word_1_325' title='bbox 1432 1835 1591 1888; x_wconf 90' lang='lat' dir='ltr'><strong>quippe</strong></span> <span class='ocrx_word' id='word_1_326' title='bbox 1622 1846 1730 1886; x_wconf 87' lang='lat' dir='ltr'><strong>quae</strong></span> <span class='ocrx_word' id='word_1_327' title='bbox 1759 1835 1800 1874; x_wconf 89' lang='lat' dir='ltr'><strong>iu</strong></span> <span class='ocrx_word' id='word_1_328' title='bbox 1838 1834 1902 1874; x_wconf 86' lang='lat' dir='ltr'><strong>in·</strong></span> 
     </span>
     <span class='ocr_line' id='line_1_30' title="bbox 106 1891 1903 1947; baseline 0 -16"><span class='ocrx_word' id='word_1_329' title='bbox 106 1891 345 1946; x_wconf 74' lang='lat' dir='ltr'><strong>telligendis</strong></span> <span class='ocrx_word' id='word_1_330' title='bbox 383 1893 524 1945; x_wconf 88' lang='lat' dir='ltr'><strong>potius</strong></span> <span class='ocrx_word' id='word_1_331' title='bbox 555 1899 783 1933; x_wconf 87' lang='lat' dir='ltr'><strong>concentus</strong></span> <span class='ocrx_word' id='word_1_332' title='bbox 812 1893 978 1947; x_wconf 82' lang='lat' dir='ltr'><strong>legibus</strong></span> <span class='ocrx_word' id='word_1_333' title='bbox 1008 1904 1135 1944; x_wconf 89' lang='lat' dir='ltr'><strong>quam</strong></span> <span class='ocrx_word' id='word_1_334' title='bbox 1167 1893 1208 1933; x_wconf 90' lang='lat' dir='ltr'><strong>in</strong></span> <span class='ocrx_word' id='word_1_335' title='bbox 1243 1894 1351 1946; x_wconf 84' lang='lat' dir='ltr'><strong>ipsis</strong></span> <span class='ocrx_word' id='word_1_336' title='bbox 1384 1892 1538 1934; x_wconf 85' lang='lat' dir='ltr'><strong>fidibus</strong></span> <span class='ocrx_word' id='word_1_337' title='bbox 1562 1891 1786 1946; x_wconf 83' lang='lat' dir='ltr'><strong>pulsandis</strong></span> <span class='ocrx_word' id='word_1_338' title='bbox 1814 1903 1903 1931; x_wconf 85' lang='lat' dir='ltr'><strong>cei·-</strong></span> 
     </span>
     <span class='ocr_line' id='line_1_31' title="bbox 105 1946 1902 2004; baseline -0.001 -14"><span class='ocrx_word' id='word_1_339' title='bbox 105 1955 250 1995; x_wconf 59' lang='lat' dir='ltr'><strong>uatum</strong></span> <span class='ocrx_word' id='word_1_340' title='bbox 282 1949 338 1990; x_wconf 74' lang='lat' dir='ltr'><strong>ct.</strong></span> <span class='ocrx_word' id='word_1_341' title='bbox 366 1948 562 2003; x_wconf 72' lang='lat' dir='ltr'><strong>Sympos.</strong></span> <span class='ocrx_word' id='word_1_342' title='bbox 588 1962 630 2004; x_wconf 87' lang='lat' dir='ltr'><strong>p.</strong></span> <span class='ocrx_word' id='word_1_343' title='bbox 665 1946 745 1993; x_wconf 88' lang='grc'><strong>197</strong></span> <span class='ocrx_word' id='word_1_344' title='bbox 775 1949 817 1999; x_wconf 89' lang='lat' dir='ltr'><strong>C,</strong></span> <span class='ocrx_word' id='word_1_345' title='bbox 852 1950 1028 1992; x_wconf 87' lang='lat' dir='ltr'><strong>Pliaedr.</strong></span> <span class='ocrx_word' id='word_1_346' title='bbox 1058 1962 1102 2003; x_wconf 92' lang='lat' dir='ltr'><strong>p.</strong></span> <span class='ocrx_word' id='word_1_347' title='bbox 1127 1947 1215 1993; x_wconf 76' lang='lat'><strong>268</strong></span> <span class='ocrx_word' id='word_1_348' title='bbox 1235 1950 1294 2000; x_wconf 89' lang='lat' dir='ltr'><strong>E,</strong></span> <span class='ocrx_word' id='word_1_349' title='bbox 1327 1951 1453 2002; x_wconf 83' lang='lat' dir='ltr'><strong>inque</strong></span> <span class='ocrx_word' id='word_1_350' title='bbox 1488 1950 1636 2004; x_wconf 81' lang='lat' dir='ltr'><strong>primis</strong></span> <span class='ocrx_word' id='word_1_351' title='bbox 1660 1949 1785 1990; x_wconf 83' lang='lat' dir='ltr'><strong>etiam</strong></span> <span class='ocrx_word' id='word_1_352' title='bbox 1805 1949 1902 1989; x_wconf 86' lang='lat' dir='ltr'><strong>Ari·</strong></span> 
     </span>
     <span class='ocr_line' id='line_1_32' title="bbox 102 1999 1904 2075; baseline 0 -28"><span class='ocrx_word' id='word_1_353' title='bbox 102 2012 202 2047; x_wconf 73' lang='lat' dir='ltr'><strong>stoi.</strong></span> <span class='ocrx_word' id='word_1_354' title='bbox 227 2006 516 2049; x_wconf 84' lang='lat' dir='ltr'><strong>Politlc.Vlll.</strong></span> <span class='ocrx_word' id='word_1_355' title='bbox 543 2004 585 2057; x_wconf 85' lang='lat'><strong>6,</strong></span> <span class='ocrx_word' id='word_1_356' title='bbox 618 2008 687 2048; x_wconf 88' lang='lat' dir='ltr'><strong>ubi</strong></span> <span class='ocrx_word' id='word_1_357' title='bbox 715 2007 796 2074; x_wconf 65' lang='lat' dir='ltr'><strong>hoc</strong></span> <span class='ocrx_word' id='word_1_358' title='bbox 830 2008 968 2075; x_wconf 70' lang='lat' dir='ltr'><strong>ipsum</strong></span> <span class='ocrx_word' id='word_1_359' title='bbox 1001 2009 1238 2059; x_wconf 85' lang='lat' dir='ltr'><strong>quaeritur,</strong></span> <span class='ocrx_word' id='word_1_360' title='bbox 1274 2021 1347 2049; x_wconf 90' lang='lat' dir='ltr'><strong>eos</strong></span> <span class='ocrx_word' id='word_1_361' title='bbox 1371 2009 1442 2061; x_wconf 90' lang='lat' dir='ltr'><strong>qui</strong></span> <span class='ocrx_word' id='word_1_362' title='bbox 1475 1999 1706 2061; x_wconf 79' lang='grc' dir='ltr'><strong><em>μουσικὴν</em></strong></span> <span class='ocrx_word' id='word_1_363' title='bbox 1737 2007 1904 2073; x_wconf 47' lang='lat' dir='ltr'><strong>discant</strong></span> 
     </span>
    </p>
   </div>
   <div class='ocr_carea' id='block_1_9' title="bbox 18 2056 1901 2122">
    <p class='ocr_par' dir='ltr' id='par_1_9' title="bbox 18 2056 1901 2122">
     <span class='ocr_line' id='line_1_33' title="bbox 18 2056 1901 2122; baseline 0.002 -18"><span class='ocrx_word' id='word_1_364' title='bbox 18 2080 22 2082; x_wconf 45' lang='lat'>‘</span> <span class='ocrx_word' id='word_1_365' title='bbox 101 2056 302 2116; x_wconf 70' lang='grc' dir='ltr'><strong><em>πότερον</em></strong></span> <span class='ocrx_word' id='word_1_366' title='bbox 334 2061 415 2105; x_wconf 77' lang='grc' dir='ltr'><strong>δεῖ</strong></span> <span class='ocrx_word' id='word_1_367' title='bbox 437 2059 703 2116; x_wconf 74' lang='grc' dir='ltr'><strong><em>μανθάνειν</em></strong></span> <span class='ocrx_word' id='word_1_368' title='bbox 734 2076 903 2112; x_wconf 85' lang='grc' dir='ltr'><strong><em>αυτους</em></strong></span> <span class='ocrx_word' id='word_1_369' title='bbox 932 2057 1136 2122; x_wconf 74' lang='grc' dir='ltr'><strong><em>ᾅδοντάς</em></strong></span> <span class='ocrx_word' id='word_1_370' title='bbox 1158 2078 1203 2106; x_wconf 88' lang='grc' dir='ltr'><strong>τι</strong></span> <span class='ocrx_word' id='word_1_371' title='bbox 1236 2062 1315 2106; x_wconf 80' lang='grc' dir='ltr'><strong>καὶ</strong></span> <span class='ocrx_word' id='word_1_372' title='bbox 1345 2063 1734 2120; x_wconf 79' lang='grc' dir='ltr'><strong><em>χειρουργοῦντας</em></strong></span> <span class='ocrx_word' id='word_1_373' title='bbox 1763 2077 1793 2117; x_wconf 88' lang='grc' dir='ltr'><strong><em>η</em></strong></span> <span class='ocrx_word' id='word_1_374' title='bbox 1818 2057 1901 2118; x_wconf 77' lang='grc' dir='ltr'><strong>μή.</strong></span> 
     </span>
    </p>
   </div>
   <div class='ocr_carea' id='block_1_10' title="bbox 98 2118 1903 2756">
    <p class='ocr_par' dir='ltr' id='par_1_10' title="bbox 98 2118 1903 2756">
     <span class='ocr_line' id='line_1_34' title="bbox 106 2118 1903 2178; baseline 0 -15"><span class='ocrx_word' id='word_1_375' title='bbox 106 2141 163 2153; x_wconf 92' lang='lat'><em>-</em></span> <span class='ocrx_word' id='word_1_376' title='bbox 185 2121 231 2163; x_wconf 87' lang='lat' dir='ltr'><strong>P.</strong></span> <span class='ocrx_word' id='word_1_377' title='bbox 260 2118 316 2164; x_wconf 86' lang='lat'><strong>57</strong></span> <span class='ocrx_word' id='word_1_378' title='bbox 344 2122 374 2163; x_wconf 90' lang='lat' dir='ltr'>C</span> <span class='ocrx_word' id='word_1_379' title='bbox 399 2118 595 2176; x_wconf 77' lang='grc' dir='ltr'><strong><em>δίδομεν</em></strong></span> <span class='ocrx_word' id='word_1_380' title='bbox 622 2123 654 2165; x_wconf 95' lang='grc' dir='ltr'>Ο</span> <span class='ocrx_word' id='word_1_381' title='bbox 682 2135 757 2177; x_wconf 87' lang='lat' dir='ltr'><strong>pro</strong></span> <span class='ocrx_word' id='word_1_382' title='bbox 787 2124 903 2178; x_wconf 81' lang='lat' dir='ltr'><strong>vulg.</strong></span> <span class='ocrx_word' id='word_1_383' title='bbox 932 2121 1136 2176; x_wconf 74' lang='grc' dir='ltr'><strong><em>διδῶμεν</em></strong></span> <span class='ocrx_word' id='word_1_384' title='bbox 1153 2154 1162 2170; x_wconf 93' lang='grc'>,</span> <span class='ocrx_word' id='word_1_385' title='bbox 1210 2124 1407 2175; x_wconf 86' lang='lat' dir='ltr'><strong>idemque</strong></span> <span class='ocrx_word' id='word_1_386' title='bbox 1434 2137 1534 2166; x_wconf 86' lang='lat' dir='ltr'><strong>mox</strong></span> <span class='ocrx_word' id='word_1_387' title='bbox 1562 2136 1658 2165; x_wconf 89' lang='lat' dir='ltr'><strong>cum</strong></span> <span class='ocrx_word' id='word_1_388' title='bbox 1686 2123 1903 2178; x_wconf 88' lang='lat' dir='ltr'><strong>plerisque</strong></span> 
     </span>
     <span class='ocr_line' id='line_1_35' title="bbox 100 2170 1902 2235; baseline 0.002 -16"><span class='ocrx_word' id='word_1_389' title='bbox 100 2170 486 2233; x_wconf 66' lang='grc' dir='ltr'><strong><em>ἆποκρινόμεθα,</em></strong></span> <span class='ocrx_word' id='word_1_390' title='bbox 527 2181 640 2234; x_wconf 82' lang='lat' dir='ltr'><strong>quod</strong></span> <span class='ocrx_word' id='word_1_391' title='bbox 683 2194 763 2221; x_wconf 89' lang='lat' dir='ltr'><strong>non</strong></span> <span class='ocrx_word' id='word_1_392' title='bbox 807 2182 995 2235; x_wconf 83' lang='lat' dir='ltr'><strong>intelligo</strong></span> <span class='ocrx_word' id='word_1_393' title='bbox 1033 2195 1105 2222; x_wconf 83' lang='lat' dir='ltr'><strong>ciii·</strong></span> <span class='ocrx_word' id='word_1_394' title='bbox 1145 2181 1326 2223; x_wconf 81' lang='lat' dir='ltr'><strong>editores</strong></span> <span class='ocrx_word' id='word_1_395' title='bbox 1366 2189 1464 2235; x_wconf 87' lang='lat' dir='ltr'><strong>post</strong></span> <span class='ocrx_word' id='word_1_396' title='bbox 1505 2180 1766 2235; x_wconf 84' lang='lat' dir='ltr'><strong>Stephanum</strong></span> <span class='ocrx_word' id='word_1_397' title='bbox 1813 2180 1902 2222; x_wconf 73' lang='lat' dir='ltr'><strong>fere</strong></span> 
     </span>
     <span class='ocr_line' id='line_1_36' title="bbox 102 2237 1900 2294; baseline 0.001 -16"><span class='ocrx_word' id='word_1_398' title='bbox 102 2249 251 2279; x_wconf 83' lang='lat' dir='ltr'><strong>omues</strong></span> <span class='ocrx_word' id='word_1_399' title='bbox 283 2239 324 2279; x_wconf 92' lang='lat' dir='ltr'><strong>iu</strong></span> <span class='ocrx_word' id='word_1_400' title='bbox 357 2240 667 2293; x_wconf 81' lang='lat' dir='ltr'><strong>conjunctivum</strong></span> <span class='ocrx_word' id='word_1_401' title='bbox 698 2241 970 2286; x_wconf 85' lang='lat' dir='ltr'><strong>mutaveriiit;</strong></span> <span class='ocrx_word' id='word_1_402' title='bbox 1007 2251 1101 2280; x_wconf 84' lang='lat' dir='ltr'><strong>nam</strong></span> <span class='ocrx_word' id='word_1_403' title='bbox 1134 2246 1358 2293; x_wconf 78' lang='lat' dir='ltr'><strong>postquam</strong></span> <span class='ocrx_word' id='word_1_404' title='bbox 1385 2237 1580 2281; x_wconf 88' lang='lat' dir='ltr'><strong>Socrates</strong></span> <span class='ocrx_word' id='word_1_405' title='bbox 1606 2238 1900 2294; x_wconf 77' lang='lat' dir='ltr'><strong>praecedentia</strong></span> 
     </span>
     <span class='ocr_line' id='line_1_37' title="bbox 100 2296 1901 2364; baseline 0.001 -29"><span class='ocrx_word' id='word_1_406' title='bbox 100 2306 180 2348; x_wconf 85' lang='lat' dir='ltr'><strong>pro</strong></span> <span class='ocrx_word' id='word_1_407' title='bbox 220 2298 430 2337; x_wconf 82' lang='lat' dir='ltr'><strong>concessis</strong></span> <span class='ocrx_word' id='word_1_408' title='bbox 465 2297 639 2346; x_wconf 76' lang='lat' dir='ltr'><strong>sumsit,</strong></span> <span class='ocrx_word' id='word_1_409' title='bbox 667 2297 763 2364; x_wconf 52' lang='lat' dir='ltr'><strong>‘jam</strong></span> <span class='ocrx_word' id='word_1_410' title='bbox 804 2298 894 2337; x_wconf 82' lang='lat' dir='ltr'><strong>sine</strong></span> <span class='ocrx_word' id='word_1_411' title='bbox 938 2297 1197 2337; x_wconf 82' lang='lat' dir='ltr'><strong>dubitatione</strong></span> <span class='ocrx_word' id='word_1_412' title='bbox 1237 2296 1362 2338; x_wconf 81' lang='lat' dir='ltr'><strong>habet</strong></span> <span class='ocrx_word' id='word_1_413' title='bbox 1403 2310 1512 2349; x_wconf 89' lang='lat' dir='ltr'><strong>quae</strong></span> <span class='ocrx_word' id='word_1_414' title='bbox 1542 2296 1810 2351; x_wconf 88' lang='lat' dir='ltr'><strong>respondeat.</strong></span> <span class='ocrx_word' id='word_1_415' title='bbox 1844 2317 1901 2327; x_wconf 86' lang='lat'>-</span> 
     </span>
     <span class='ocr_line' id='line_1_38' title="bbox 105 2352 1899 2409; baseline 0 -16"><span class='ocrx_word' id='word_1_416' title='bbox 105 2352 261 2394; x_wconf 67' lang='lat' dir='ltr'><strong>ibidem</strong></span> <span class='ocrx_word' id='word_1_417' title='bbox 292 2352 500 2395; x_wconf 80' lang='grc' dir='ltr'><strong><em>τοιαῦται</em></strong></span> <span class='ocrx_word' id='word_1_418' title='bbox 532 2363 626 2409; x_wconf 84' lang='lat' dir='ltr'><strong>post</strong></span> <span class='ocrx_word' id='word_1_419' title='bbox 657 2354 790 2395; x_wconf 71' lang='grc' dir='ltr'><strong><em>αλλαι</em></strong></span> <span class='ocrx_word' id='word_1_420' title='bbox 830 2355 1082 2407; x_wconf 87' lang='lat' dir='ltr'><strong>optimorum</strong></span> <span class='ocrx_word' id='word_1_421' title='bbox 1125 2353 1324 2395; x_wconf 88' lang='lat' dir='ltr'><strong>librorum</strong></span> <span class='ocrx_word' id='word_1_422' title='bbox 1366 2353 1450 2397; x_wconf 83' lang='lat' dir='ltr'><strong>flde</strong></span> <span class='ocrx_word' id='word_1_423' title='bbox 1490 2367 1572 2395; x_wconf 88' lang='lat' dir='ltr'><strong>non</strong></span> <span class='ocrx_word' id='word_1_424' title='bbox 1605 2355 1745 2396; x_wconf 87' lang='lat' dir='ltr'><strong>minus</strong></span> <span class='ocrx_word' id='word_1_425' title='bbox 1773 2364 1899 2406; x_wconf 87' lang='lat' dir='ltr'><strong>quam</strong></span> 
     </span>
     <span class='ocr_line' id='line_1_39' title="bbox 103 2405 1898 2465; baseline 0.001 -15"><span class='ocrx_word' id='word_1_426' title='bbox 103 2405 262 2451; x_wconf 74' lang='lat' dir='ltr'><strong>dudum</strong></span> <span class='ocrx_word' id='word_1_427' title='bbox 289 2405 373 2450; x_wconf 76' lang='grc' dir='ltr'><strong>δύο</strong></span> <span class='ocrx_word' id='word_1_428' title='bbox 403 2412 632 2453; x_wconf 86' lang='lat' dir='ltr'><strong>tollendum</strong></span> <span class='ocrx_word' id='word_1_429' title='bbox 661 2420 768 2463; x_wconf 84' lang='lat' dir='ltr'><strong>erat;</strong></span> <span class='ocrx_word' id='word_1_430' title='bbox 803 2425 845 2464; x_wconf 87' lang='lat' dir='ltr'><strong>p.</strong></span> <span class='ocrx_word' id='word_1_431' title='bbox 870 2410 927 2452; x_wconf 83' lang='lat'><strong>58</strong></span> <span class='ocrx_word' id='word_1_432' title='bbox 954 2411 987 2452; x_wconf 82' lang='lat' dir='ltr'>E</span> <span class='ocrx_word' id='word_1_433' title='bbox 1013 2418 1152 2453; x_wconf 77' lang='lat' dir='ltr'><strong>autem</strong></span> <span class='ocrx_word' id='word_1_434' title='bbox 1185 2424 1238 2453; x_wconf 84' lang='lat' dir='ltr'><strong>ex</strong></span> <span class='ocrx_word' id='word_1_435' title='bbox 1268 2412 1376 2453; x_wconf 79' lang='lat' dir='ltr'><strong>Astii</strong></span> <span class='ocrx_word' id='word_1_436' title='bbox 1410 2414 1520 2464; x_wconf 85' lang='lat' dir='ltr'><strong>conj.</strong></span> <span class='ocrx_word' id='word_1_437' title='bbox 1550 2405 1653 2453; x_wconf 79' lang='grc' dir='ltr'><strong><em>ὅσοι</em></strong></span> <span class='ocrx_word' id='word_1_438' title='bbox 1684 2413 1799 2454; x_wconf 87' lang='lat' dir='ltr'><strong>edidi</strong></span> <span class='ocrx_word' id='word_1_439' title='bbox 1822 2423 1898 2465; x_wconf 92' lang='lat' dir='ltr'><strong>pro</strong></span> 
     </span>
     <span class='ocr_line' id='line_1_40' title="bbox 100 2455 1900 2520; baseline 0.002 -15"><span class='ocrx_word' id='word_1_440' title='bbox 100 2455 235 2516; x_wconf 75' lang='grc' dir='ltr'><strong><em>ὅσαι,</em></strong></span> <span class='ocrx_word' id='word_1_441' title='bbox 265 2468 378 2520; x_wconf 89' lang='lat' dir='ltr'><strong>quod</strong></span> <span class='ocrx_word' id='word_1_442' title='bbox 409 2469 562 2510; x_wconf 64' lang='lat' dir='ltr'><strong>[nistra</strong></span> <span class='ocrx_word' id='word_1_443' title='bbox 584 2468 730 2511; x_wconf 82' lang='lat' dir='ltr'><strong>Stallb.</strong></span> <span class='ocrx_word' id='word_1_444' title='bbox 759 2469 889 2510; x_wconf 83' lang='lat' dir='ltr'><strong>relato</strong></span> <span class='ocrx_word' id='word_1_445' title='bbox 922 2470 975 2510; x_wconf 87' lang='lat' dir='ltr'><strong>ad</strong></span> <span class='ocrx_word' id='word_1_446' title='bbox 1006 2471 1216 2511; x_wconf 84' lang='lat' dir='ltr'><strong>terrestria</strong></span> <span class='ocrx_word' id='word_1_447' title='bbox 1249 2472 1378 2512; x_wconf 85' lang='lat' dir='ltr'><strong>verbo</strong></span> <span class='ocrx_word' id='word_1_448' title='bbox 1408 2469 1553 2510; x_wconf 84' lang='grc' dir='ltr'><strong><em>ταῦτα</em></strong></span> <span class='ocrx_word' id='word_1_449' title='bbox 1583 2471 1690 2513; x_wconf 79' lang='lat' dir='ltr'><strong>tueri</strong></span> <span class='ocrx_word' id='word_1_450' title='bbox 1725 2476 1900 2512; x_wconf 84' lang='lat' dir='ltr'><strong>conatus</strong></span> 
     </span>
     <span class='ocr_line' id='line_1_41' title="bbox 102 2520 1899 2588; baseline 0.002 -26"><span class='ocrx_word' id='word_1_451' title='bbox 102 2533 195 2588; x_wconf 43' lang='lat' dir='ltr'><strong>epig,</strong></span> <span class='ocrx_word' id='word_1_452' title='bbox 232 2525 284 2565; x_wconf 82' lang='lat' dir='ltr'><strong>de</strong></span> <span class='ocrx_word' id='word_1_453' title='bbox 318 2525 559 2567; x_wconf 72' lang='lat' dir='ltr'><strong>homiuibus</strong></span> <span class='ocrx_word' id='word_1_454' title='bbox 601 2529 671 2581; x_wconf 77' lang='lat' dir='ltr'><strong>agi</strong></span> <span class='ocrx_word' id='word_1_455' title='bbox 713 2528 836 2567; x_wconf 82' lang='lat' dir='ltr'><strong>etiam</strong></span> <span class='ocrx_word' id='word_1_456' title='bbox 879 2528 1096 2579; x_wconf 86' lang='lat' dir='ltr'><strong>sequentia</strong></span> <span class='ocrx_word' id='word_1_457' title='bbox 1136 2525 1266 2580; x_wconf 78' lang='grc' dir='ltr'><strong><em>ζητεῖ</em></strong></span> <span class='ocrx_word' id='word_1_458' title='bbox 1301 2523 1381 2569; x_wconf 78' lang='grc' dir='ltr'><strong><em>διὰ</em></strong></span> <span class='ocrx_word' id='word_1_459' title='bbox 1422 2526 1528 2584; x_wconf 81' lang='grc' dir='ltr'><strong><em>βίου</em></strong></span> <span class='ocrx_word' id='word_1_460' title='bbox 1560 2536 1600 2570; x_wconf 91' lang='lat' dir='ltr'><strong>et</strong></span> <span class='ocrx_word' id='word_1_461' title='bbox 1634 2520 1660 2569; x_wconf 84' lang='grc' dir='ltr'><strong>ὁ</strong></span> <span class='ocrx_word' id='word_1_462' title='bbox 1690 2524 1899 2574; x_wconf 85' lang='grc' dir='ltr'><strong><em>τοιοῦτος</em></strong></span> 
     </span>
     <span class='ocr_line' id='line_1_42' title="bbox 99 2581 1899 2639; baseline 0.003 -20"><span class='ocrx_word' id='word_1_463' title='bbox 99 2592 333 2635; x_wconf 79' lang='grc' dir='ltr'><strong><em>ανῃρηται</em></strong></span> <span class='ocrx_word' id='word_1_464' title='bbox 366 2591 561 2637; x_wconf 72' lang='lat' dir='ltr'><strong>arguunt.</strong></span> <span class='ocrx_word' id='word_1_465' title='bbox 591 2606 645 2615; x_wconf 93' lang='lat'>—</span> <span class='ocrx_word' id='word_1_466' title='bbox 672 2585 716 2625; x_wconf 81' lang='grc' dir='ltr'><strong>Ρ.</strong></span> <span class='ocrx_word' id='word_1_467' title='bbox 742 2582 798 2625; x_wconf 77' lang='lat'><strong>59</strong></span> <span class='ocrx_word' id='word_1_468' title='bbox 816 2587 850 2623; x_wconf 84' lang='grc' dir='ltr'><strong>Α</strong></span> <span class='ocrx_word' id='word_1_469' title='bbox 883 2581 1226 2638; x_wconf 78' lang='grc' dir='ltr'><strong><em>συντεταμένως</em></strong></span> <span class='ocrx_word' id='word_1_470' title='bbox 1249 2585 1285 2626; x_wconf 84' lang='lat' dir='ltr'>H</span> <span class='ocrx_word' id='word_1_471' title='bbox 1310 2599 1364 2628; x_wconf 82' lang='lat' dir='ltr'><strong>ex</strong></span> <span class='ocrx_word' id='word_1_472' title='bbox 1387 2587 1563 2628; x_wconf 85' lang='lat' dir='ltr'><strong>Heusd&#39;ii</strong></span> <span class='ocrx_word' id='word_1_473' title='bbox 1602 2587 1710 2639; x_wconf 89' lang='lat' dir='ltr'><strong>conj.</strong></span> <span class='ocrx_word' id='word_1_474' title='bbox 1740 2599 1765 2627; x_wconf 84' lang='lat' dir='ltr'><strong>a</strong></span> <span class='ocrx_word' id='word_1_475' title='bbox 1791 2584 1899 2626; x_wconf 78' lang='lat' dir='ltr'><strong>Bek-</strong></span> 
     </span>
     <span class='ocr_line' id='line_1_43' title="bbox 99 2637 1901 2700; baseline 0.002 -21"><span class='ocrx_word' id='word_1_476' title='bbox 99 2637 200 2679; x_wconf 75' lang='lat' dir='ltr'><strong>kero</strong></span> <span class='ocrx_word' id='word_1_477' title='bbox 231 2651 399 2692; x_wconf 83' lang='lat' dir='ltr'><strong>quoque</strong></span> <span class='ocrx_word' id='word_1_478' title='bbox 432 2648 598 2695; x_wconf 78' lang='lat' dir='ltr'><strong>recepta</strong></span> <span class='ocrx_word' id='word_1_479' title='bbox 629 2654 704 2695; x_wconf 82' lang='lat' dir='ltr'><strong>pro</strong></span> <span class='ocrx_word' id='word_1_480' title='bbox 737 2638 1130 2696; x_wconf 72' lang='grc' dir='ltr'><strong><em>ξυντεταγμένως,</em></strong></span> <span class='ocrx_word' id='word_1_481' title='bbox 1165 2645 1279 2696; x_wconf 88' lang='lat' dir='ltr'><strong>quod</strong></span> <span class='ocrx_word' id='word_1_482' title='bbox 1307 2646 1396 2698; x_wconf 87' lang='lat' dir='ltr'><strong>jam</strong></span> <span class='ocrx_word' id='word_1_483' title='bbox 1429 2644 1556 2700; x_wconf 81' lang='lat' dir='ltr'><strong>Apol.</strong></span> <span class='ocrx_word' id='word_1_484' title='bbox 1578 2644 1697 2685; x_wconf 84' lang='lat' dir='ltr'><strong>Socr.</strong></span> <span class='ocrx_word' id='word_1_485' title='bbox 1728 2655 1773 2697; x_wconf 86' lang='lat' dir='ltr'><strong>p.</strong></span> <span class='ocrx_word' id='word_1_486' title='bbox 1792 2639 1901 2685; x_wconf 74' lang='lat' dir='ltr'><strong>23ss</strong></span> 
     </span>
     <span class='ocr_line' id='line_1_44' title="bbox 98 2693 1897 2756; baseline 0.002 -19"><span class='ocrx_word' id='word_1_487' title='bbox 98 2697 334 2751; x_wconf 74' lang='lat' dir='ltr'><strong>reprobavi.</strong></span> <span class='ocrx_word' id='word_1_488' title='bbox 363 2719 419 2727; x_wconf 79' lang='lat'>—</span> <span class='ocrx_word' id='word_1_489' title='bbox 448 2698 493 2739; x_wconf 86' lang='lat' dir='ltr'><strong>P.</strong></span> <span class='ocrx_word' id='word_1_490' title='bbox 520 2696 577 2741; x_wconf 79' lang='lat'><strong>59</strong></span> <span class='ocrx_word' id='word_1_491' title='bbox 602 2698 632 2740; x_wconf 91' lang='lat' dir='ltr'>C</span> <span class='ocrx_word' id='word_1_492' title='bbox 659 2694 896 2751; x_wconf 77' lang='grc' dir='ltr'><strong><em>δεύτερος,</em></strong></span> <span class='ocrx_word' id='word_1_493' title='bbox 927 2701 1042 2754; x_wconf 89' lang='lat' dir='ltr'><strong>quod</strong></span> <span class='ocrx_word' id='word_1_494' title='bbox 1072 2700 1137 2743; x_wconf 87' lang='lat' dir='ltr'><strong>vel</strong></span> <span class='ocrx_word' id='word_1_495' title='bbox 1170 2709 1342 2756; x_wconf 87' lang='lat' dir='ltr'><strong>propter</strong></span> <span class='ocrx_word' id='word_1_496' title='bbox 1367 2712 1550 2755; x_wconf 84' lang='lat' dir='ltr'><strong>sequens</strong></span> <span class='ocrx_word' id='word_1_497' title='bbox 1578 2693 1773 2754; x_wconf 77' lang='grc' dir='ltr'><strong><em>δεύτερα</em></strong></span> <span class='ocrx_word' id='word_1_498' title='bbox 1795 2699 1897 2742; x_wconf 77' lang='lat' dir='ltr'><strong>ferri</strong></span> 
     </span>
    </p>
   </div>
   <div class='ocr_carea' id='block_1_11' title="bbox 35 2754 1897 2812">
    <p class='ocr_par' dir='ltr' id='par_1_11' title="bbox 35 2754 1897 2812">
     <span class='ocr_line' id='line_1_45' title="bbox 35 2754 1897 2812; baseline 0.003 -19"><span class='ocrx_word' id='word_1_499' title='bbox 35 2797 43 2804; x_wconf 65' lang='grc'><strong>,</strong></span> <span class='ocrx_word' id='word_1_500' title='bbox 97 2754 264 2807; x_wconf 82' lang='lat' dir='ltr'><strong>nequit,</strong></span> <span class='ocrx_word' id='word_1_501' title='bbox 307 2757 406 2808; x_wconf 87' lang='lat' dir='ltr'><strong>quia</strong></span> <span class='ocrx_word' id='word_1_502' title='bbox 439 2769 532 2796; x_wconf 87' lang='lat' dir='ltr'><strong>cum</strong></span> <span class='ocrx_word' id='word_1_503' title='bbox 564 2756 662 2797; x_wconf 85' lang='lat' dir='ltr'><strong>Tur.</strong></span> <span class='ocrx_word' id='word_1_504' title='bbox 700 2755 923 2808; x_wconf 68' lang='grc' dir='ltr'><strong><em>δευτέρως</em></strong></span> <span class='ocrx_word' id='word_1_505' title='bbox 953 2760 1175 2801; x_wconf 78' lang='lat' dir='ltr'><strong>scribendo</strong></span> <span class='ocrx_word' id='word_1_506' title='bbox 1209 2761 1451 2812; x_wconf 87' lang='lat' dir='ltr'><strong>neutiquam</strong></span> <span class='ocrx_word' id='word_1_507' title='bbox 1483 2766 1681 2808; x_wconf 84' lang='lat' dir='ltr'><strong>sanatur,</strong></span> <span class='ocrx_word' id='word_1_508' title='bbox 1722 2759 1897 2800; x_wconf 87' lang='lat' dir='ltr'><strong>circum-</strong></span> 
     </span>
    </p>
   </div>
   <div class='ocr_carea' id='block_1_12' title="bbox 24 2811 1899 2930">
    <p class='ocr_par' dir='ltr' id='par_1_12' title="bbox 24 2811 1899 2930">
     <span class='ocr_line' id='line_1_46' title="bbox 24 2811 1899 2911; baseline 0.004 -61"><span class='ocrx_word' id='word_1_509' title='bbox 24 2836 32 2842; x_wconf 57' lang='lat'><strong>.</strong></span> <span class='ocrx_word' id='word_1_510' title='bbox 95 2811 268 2911; x_wconf 45' lang='lat' dir='ltr'><strong>galagi:</strong></span> <span class='ocrx_word' id='word_1_511' title='bbox 304 2812 425 2855; x_wconf 73' lang='lat' dir='ltr'><strong>tacite</strong></span> <span class='ocrx_word' id='word_1_512' title='bbox 450 2822 589 2855; x_wconf 83' lang='lat' dir='ltr'><strong>tamen</strong></span> <span class='ocrx_word' id='word_1_513' title='bbox 623 2816 761 2869; x_wconf 79' lang='lat' dir='ltr'><strong>patiar</strong></span> <span class='ocrx_word' id='word_1_514' title='bbox 787 2815 930 2886; x_wconf 29' lang='lat' dir='ltr'><strong>alinum,</strong></span> <span class='ocrx_word' id='word_1_515' title='bbox 948 2829 1092 2858; x_wconf 84' lang='lat' dir='ltr'><strong>vocem</strong></span> <span class='ocrx_word' id='word_1_516' title='bbox 1119 2817 1307 2886; x_wconf 71' lang='lat' dir='ltr'><strong>feliciore</strong></span> <span class='ocrx_word' id='word_1_517' title='bbox 1334 2818 1578 2871; x_wconf 79' lang='lat' dir='ltr'><strong>conjectura</strong></span> <span class='ocrx_word' id='word_1_518' title='bbox 1603 2817 1817 2859; x_wconf 78' lang='lat' dir='ltr'><strong>substitui.</strong></span> <span class='ocrx_word' id='word_1_519' title='bbox 1839 2838 1899 2846; x_wconf 92' lang='lat'>—</span> 
     </span>
     <span class='ocr_line' id='line_1_47' title="bbox 132 2864 1896 2930; baseline 0.004 -22"><span class='ocrx_word' id='word_1_520' title='bbox 132 2895 145 2908; x_wconf 90' lang='lat'><strong>.</strong></span> <span class='ocrx_word' id='word_1_521' title='bbox 255 2868 287 2910; x_wconf 84' lang='lat' dir='ltr'>B</span> <span class='ocrx_word' id='word_1_522' title='bbox 313 2864 381 2924; x_wconf 68' lang='grc' dir='ltr'><strong>ἵν,</strong></span> <span class='ocrx_word' id='word_1_523' title='bbox 415 2872 528 2925; x_wconf 79' lang='lat' dir='ltr'><strong>quod</strong></span> <span class='ocrx_word' id='word_1_524' title='bbox 561 2881 655 2926; x_wconf 77' lang='lat' dir='ltr'><strong>post</strong></span> <span class='ocrx_word' id='word_1_525' title='bbox 685 2866 770 2925; x_wconf 67' lang='grc' dir='ltr'><strong>μὲν</strong></span> <span class='ocrx_word' id='word_1_526' title='bbox 804 2873 1003 2916; x_wconf 73' lang='lat' dir='ltr'><strong>facillime</strong></span> <span class='ocrx_word' id='word_1_527' title='bbox 1035 2875 1254 2917; x_wconf 81' lang='lat' dir='ltr'><strong>absorberi</strong></span> <span class='ocrx_word' id='word_1_528' title='bbox 1281 2882 1459 2930; x_wconf 81' lang='lat' dir='ltr'><strong>poterat,</strong></span> <span class='ocrx_word' id='word_1_529' title='bbox 1494 2887 1549 2917; x_wconf 85' lang='lat' dir='ltr'><strong>ex</strong></span> <span class='ocrx_word' id='word_1_530' title='bbox 1579 2875 1689 2929; x_wconf 76' lang='lat' dir='ltr'><strong>conj.</strong></span> <span class='ocrx_word' id='word_1_531' title='bbox 1717 2874 1896 2922; x_wconf 84' lang='lat' dir='ltr'><strong>inserul;</strong></span> 
     </span>
    </p>
   </div>
  </div>
 </body>
</html>
