2028 3198
83 154 114 197 3
669 129 1206 196 zr'Mnozmw.
1674 144 1774 197 141

8 280 34 337 s
89 282 191 339 τόν
218 305 275 339 τε
306 291 630 353 κακηγορεῖς
656 282 747 334 καὶ
774 276 906 343 τοὺς
933 277 1163 350 ἄλλους,
1202 284 1291 336 καὶ
1320 283 1500 346 δοκεῖς
1526 301 1619 351 μοι
1651 278 1779 335 ἅτε-

89 371 235 436 χνώς
268 366 480 428 πάντας
514 361 751 426 ἀθλίους
785 358 1044 432 ἡγεῖσθαι
1081 359 1228 432 πλὴν
1258 362 1627 433 Σωκράτους,
1665 361 1773 419 ἀπὸ

90 453 303 503 σαυτοῦ
332 445 654 516 ἀρξάμενος.
707 444 797 499 καὶ
819 440 1035 498 ὁπόθεν
1054 441 1187 498 ποτὲ
1206 444 1416 515 ταύτην
1437 443 1542 515 τὴν
1558 447 1777 502 ἐπωνυ-

88 534 222 599 μίαν
250 531 440 599 ἔλαβες
465 525 528 582 τό
560 524 792 597 μανικὸς
822 531 1144 594 καλεῖσθαι,
1186 524 1289 582 οὐκ
1318 525 1441 583 οἶδα
1482 533 1678 599 ἒγωγε’
1718 532 1779 585 ἐν

79 610 191 680 μὲν
208 610 318 680 γὰρ
335 619 449 678 τοῖς
466 607 654 678 λόγοις
672 605 756 662 ἀεὶ
774 612 1026 672 τοιοῦτος
1043 605 1112 662 εἷ·
1152 614 1340 681 σαυτῷ
1359 630 1418 663 τε
1436 611 1659 675 καὶτοῖς
1677 608 1779 666 ἄλ·-
1839 605 1858 643 3³

88 699 204 757 λοις
224 688 527 762 ἄγριαίνεις
545 688 691 761 πλὴν
709 689 1065 758 Σωκράτους.

230 780 455 830 ΑΠΟΛ.
507 768 576 828 Ὦ.
602 778 854 843 φίλτατε,
891 773 982 828 καὶ
1011 771 1184 842 δῆλόν
1212 793 1275 842 γε
1295 770 1361 843 δὴ
1384 770 1468 828 ὅτι
1487 772 1633 829 οὕτω
1655 779 1778 830 δια·
1808 786 1843 827 Ε

87 857 396 928 νοούμενος
423 856 515 911 καὶ
542 856 668 924 περὶ
696 856 938 923 ἐμαυτοῦ
965 856 1055 909 καὶ
1085 857 1209 925 περὶ
1227 851 1387 925 ὑμῶν
1405 859 1664 926 μαίνομαι
1688 859 1779 912 καὶ

89 945 399 1008 παραπαίω.

228 1027 430 1078 ΕΤΑῙ.
491 1017 612 1076 Οὐκ
633 1018 790 1084 ἄξιον
808 1018 1196 1090 περὶτούτων,
1228 1017 1637 1092 Ἀπολλόδωρε,
1669 1027 1778 1076 νῦν

0 1136 3 1137 ’
88 1107 311 1174 ἐρίζειν·
368 1100 492 1159 ἀλλ’
534 1099 672 1171 ὅπερ
710 1099 982 1172 ἐδεόμεθα
1019 1118 1152 1172 σου,
1195 1099 1269 1172 μὴ
1310 1098 1490 1168 ἄλλως
1525 1101 1775 1176 ποιήσῃς,

87 1184 227 1243 ἀλλὰ
248 1186 531 1258 διήγησαι,
552 1190 699 1248 τίνες
720 1177 866 1254 ἦσαν
884 1185 943 1237 οἱ
956 1183 1128 1253 λόγοι.

230 1275 456 1325 ΑΠΟΛ.
507 1262 683 1323 Ἦσαν
702 1273 898 1322 τοίνυν
917 1268 1116 1322 ἐκεῖνοι
1134 1270 1335 1323 τοιοίδε
1354 1270 1499 1334 τινές
1515 1289 1525 1299 ·
1565 1274 1777 1339 μᾶλλον

19 1350 21 1354 ’
92 1349 140 1407 δ’
165 1355 221 1418 ἐξ,
242 1350 412 1423 ἀρχῆς
430 1348 590 1421 ὑμῖν,
611 1347 685 1415 ὡς
703 1351 904 1413 ἐκεῖνος
926 1351 1191 1420 διηγεῖτο,
1213 1352 1301 1405 καὶ
1323 1348 1430 1420 ἐγω
1453 1352 1782 1423 πειράσομαι
1811 1361 1896 1410 174

10 1494 24 1512 ⁸
91 1435 476 1506 διηγήσασθαι.

20 1579 26 1582 ,
230 1522 288 1572 11.
349 1515 493 1587 Ἔφη
528 1516 636 1586 γάρ
674 1518 731 1571 οἷ
757 1513 1028 1585 Σωκράτη
1065 1516 1310 1583 ἐντυχεῖν
1347 1518 1685 1586 λελουμένον
1722 1539 1779 1574 τε

4 1591 18 1651 ι’
88 1598 297 1666 καὶτὰς
319 1598 563 1672 βλαύτας
581 1598 991 1669 ὑποδεδεμένον
1005 1638 1019 1666 ,
1041 1593 1075 1650 ἃ
1095 1597 1301 1662 ἐκεῖνος
1320 1594 1564 1668 ὀλιγάκις
1582 1602 1778 1656 ἐποίει·

90 1684 180 1739 καὶ
203 1684 430 1750 ἐρέσθαι
450 1680 625 1738 αὐτὸν
645 1679 773 1738 ὅποι
794 1690 868 1738 ῐοι
889 1677 1036 1736 οὕτω
1055 1676 1224 1742 καλὰς
1250 1683 1630 1752 γεγενημένος.
1688 1684 1779 1738 καὶ

0 1763 10 1775 ⁷
92 1766 191 1821 τὸν
221 1770 398 1821 εἰπεῖν
425 1763 511 1821 ὅτι
527 1764 638 1822 Ἐπὶ
669 1769 897 1821 δεῖπνον
916 1767 991 1827 είς
1006 1759 1341 1831 Ἀγάθωνος.
1400 1762 1532 1832 χθὲς
1549 1762 1657 1835 γὰρ
1677 1762 1782 1819 αὐ-

92 1845 195 1903 τὸν
215 1850 483 1918 διέφυγον
500 1859 613 1914 τοῖς
633 1849 917 1911 ἐπινικίοις
931 1888 944 1914 ,
982 1845 1256 1915 φοβηθεὶς
1274 1843 1374 1900 τὸν
1393 1843 1588 1916 ὄχλον·
1630 1845 1780 1918 ὠμο-
1848 1857 1854 1881 ‘¹

0 1968 2 1970 v
90 1931 300 2002 λόγησα
329 1928 383 1986 δ’
417 1935 494 1996 είς
519 1931 761 2003 τήμερον
780 1930 1137 1998 παρέσεσθαι.
1194 1934 1366 1983 ταῦτα
1386 1926 1451 1999 δὴ
1475 1930 1781 1985 ἐκαλλωπι-

21 2035 26 2039 ’
93 2013 305 2086 σάμην,
325 2017 418 2069 ἵνα
436 2019 604 2078 καλος
623 2034 772 2084 παρα
793 2007 968 2067 καλὸν
988 2017 1068 2065 l'co.
1126 2007 1265 2065 ἀλλὰ
1286 2009 1386 2080 σύ,
1417 2004 1455 2082 ἦ
1478 2008 1531 2065 δ’
1555 2009 1643 2082 ὅς,
1665 2018 1782 2077 πῶς

90 2101 227 2166 ἔχεις
245 2096 384 2165 πρὸς
402 2095 463 2151 τό
484 2097 700 2151 ἐθέλειν
721 2090 794 2149 ἄν
814 2096 955 2149 ἰέναι
973 2091 1207 2163 ἄκλητος
1225 2094 1312 2148 ἐπὶ
1333 2096 1586 2160 δεῖπνον;
1606 2091 1778 2164 κάγώ,
1809 2105 1839 2146 Β
1910 2121 1921 2159 5

91 2181 226 2248 ἔφη,
263 2176 420 2234 εἶπον
450 2177 535 2234 ὅτι
556 2176 752 2243 Οὕτως
781 2173 931 2241 ὅπως
961 2170 1034 2230 liv
1066 2172 1138 2229 σύ
1169 2174 1412 2247 κελεύῃς.
1455 2173 1630 2232 Ἕπου
1666 2184 1783 2232 τοί-

0 2286 7 2307 -·
92 2281 200 2315 νυν
213 2300 227 2327 ,
250 2263 356 2331 ἔφη
370 2300 384 2326 ,
410 2262 503 2315 ἵνα
522 2262 613 2315 καὶ
631 2259 734 2332 τήν
754 2262 1052 2328 παροιμίαν
1072 2259 1489 2328 διαφθείρωμεν
1506 2261 1783 2331 μεταβάλ-
1815 2277 1833 2302 '²

6 2384 21 2399 .
94 2348 310 2411 λοντες,
350 2339 425 2407 ὥς
450 2339 558 2413 ἄρα
584 2343 676 2398 καὶ
702 2340 939 2414 ἀγαθῶν
968 2340 1054 2395 ἐπὶ
1086 2342 1273 2404 δαῖτας
1300 2346 1451 2395 ἱασιν
1480 2338 1782 2412 αὐτόματοι

0 2420 19 2434 ”
94 2423 315 2494 ἀγαθοί.
361 2422 602 2496 Ὅμηρος
630 2422 860 2496 μὲνγὰρ
890 2419 1208 2478 κινδυνεύει
1235 2421 1304 2477 οὐ
1322 2422 1500 2494 μόνον
1519 2427 1782 2495 διαφθεῖ-

20 2568 23 2569 ⁷
95 2528 187 2575 ραι
219 2504 360 2563 ἀλλὰ
391 2508 481 2562 καὶ
501 2503 724 2578 ὑβρίσαι
743 2511 820 2571 εἰς
841 2505 1047 2577 ταύτην
1062 2502 1166 2577 τὴν
1185 2511 1510 2578 παροιμίαν·
1549 2508 1781 2579 ποιήσας

94 2587 202 2660 γὰρ
233 2587 334 2644 τὸν
346 2586 724 2660 Ἀγαμέμνονα
753 2588 1128 2659 διαφερόντως
1147 2587 1371 2661 ἀγαθὸν
1390 2588 1569 2661 ἄνδρα
1588 2589 1654 2645 τὰ
1677 2610 1781 2645 πο-
1813 2599 1843 2642 C

0 2673 7 2696 ¹
95 2671 317 2742 λεμικᾰ,
357 2669 456 2726 τὸν
483 2672 540 2728 δὲ
571 2676 871 2728 Μενέλεων
907 2668 1203 2742 μαλθακὸν
1239 2672 1533 2743 αἰχμητήν,
1571 2676 1781 2727 θυσίαν

0 2755 5 2766 ’
98 2755 439 2825 ποιουμένου
486 2754 575 2810 καὶ
623 2756 912 2820 ἑστιῶντος
958 2761 1061 2811 τοῦ
1093 2751 1497 2826 Ἀγαμέμνονος
1542 2752 1783 2825 ἄκλητον

94 2836 354 2908 ἐποίησεν
381 2836 620 2892 ἐλθόντα
652 2834 750 2891 τὸν
773 2838 1070 2893 Μενέλεων
1100 2838 1186 2894 ἐπὶ
1214 2835 1319 2908 τὴν
1348 2841 1581 2907 θοίνην,
1620 2841 1782 2908 χείρω
