2028 3198
326 172 394 222 98
933 170 1405 218 ΠΛΑΤΩΝΟΣ

330 297 458 376 ὦσι,
503 308 623 374 δίχα
657 300 764 373 ἄρα
807 303 929 358 τότε
969 302 1030 358 τὸ
1073 309 1229 373 σῶμα
1269 304 1359 358 καὶ
1385 305 1548 374 χωρὶς
1575 309 1670 374 τῆς
1697 310 1873 375 ψυχῆς
1902 317 2014 371 τοῖς

329 387 618 458 παθήμασι
638 389 952 456 διείληπται.

470 474 641 525 ΠΡΩ.
698 467 1083 540 Μεμνήμεθα,
1116 470 1205 523 καὶ
1225 469 1548 540 προερρήθη
1570 476 1755 525 ταῦτα.

472 557 595 606 ΣΩ.
652 548 882 605 Οὐκοῦν
901 549 961 604 τὸ
984 549 1083 620 μὲν
1113 551 1431 621 ἐπιθυμοῦν
1460 545 1531 622 ἦν
1551 549 1584 622 ἡ
1616 551 1762 623 ψυχὴ
1784 559 1896 607 τῶν
1915 559 2014 608 τοῦ

334 633 586 703 σώματος
605 634 874 688 ἐναντίων
904 633 1097 701 ἕξεων,
1133 631 1193 687 τὸ
1226 632 1284 687 δὲ
1306 632 1408 704 τὴν
1429 633 1709 705 αλγηδόνα
1727 633 1764 705 ἤ
1783 657 1904 689 τινα
1927 633 2014 689 δια

335 716 517 781 πάθος
535 712 747 787 ἡδονὴν
770 711 830 769 τὸ
855 731 1010 783 σωμα
1029 707 1100 784 ἦν
1119 713 1179 769 τὸ
1202 716 1604 786 παρεχόμενον;

471 803 640 853 ΠΡΩ.
693 791 794 851 Ἦν
815 795 920 866 γὰρ
944 799 1060 850 οὐν.

473 886 597 936 ΣΩ.
652 883 995 950 Συλλογίζου
1020 877 1084 949 δὴ
1107 877 1167 933 τὸ
1188 880 1520 950 γιγνόμενον
1539 883 1600 935 ἐν
1621 880 1848 944 τούτοις.

473 969 640 1018 ΠΡΩ.
697 964 850 1032 Λέγε.

270 1059 305 1099 D
477 1052 601 1101 ΣΩ.
659 1051 913 1115 Γίγνεται
931 1049 1150 1114 τοίνυν,
1185 1041 1394 1099 ὁπόταν
1423 1036 1674 1116 ᾖταῦτα,
1709 1043 1819 1115 ἅμα
1841 1066 2018 1113 παρα-

335 1136 556 1183 κεῖσθαι
576 1126 752 1192 λύπας
771 1149 826 1181 τε
857 1128 947 1180 καὶ
976 1123 1208 1196 ἡδονάς,
1248 1127 1338 1181 καὶ
1367 1126 1582 1180 τούτων
1602 1127 1888 1197 αἰσθήσεις
1907 1126 2018 1197 ἅμα

337 1209 466 1280 παρ’
505 1209 741 1281 ἀλλήλας
772 1214 1037 1264 ἐναντίων
1067 1206 1253 1263 οὐσῶν
1285 1215 1602 1280 γίγνεσθαι,
1641 1207 1670 1264 ὃ
1693 1214 1783 1265 καὶ
1816 1217 1925 1265 νῦν
1950 1208 2016 1279 δὴ

337 1294 532 1366 ἐφάνη.

478 1381 646 1430 ΠΡΩ.
705 1379 964 1429 Φαίνεται
988 1380 1146 1443 γοῦν.

482 1475 604 1525 ΣΩ.
667 1467 895 1524 Οὐκοῦν
924 1470 1014 1523 καὶ
1043 1467 1170 1523 τόδε
1200 1476 1407 1540 εἴρηται
1437 1470 1527 1523 καὶ
1559 1472 2002 1541 συνωμολογημέ·

340 1574 444 1608 νον
445 1544 592 1622 ’ἡμῖν
613 1555 893 1622 ἔμπροσθε
913 1562 1111 1616 κεῖται;
1400 1564 1415 1580 ²

481 1637 648 1688 ΠΡΩ.
713 1631 785 1687 T6
809 1643 997 1698 ποῖον;

486 1732 610 1781 ΣΩ.
662 1725 753 1790 Ὡς
784 1725 843 1781 τὸ
877 1726 1090 1796 μᾶλλόν
1117 1748 1174 1781 τε
1195 1731 1284 1783 καὶ
1303 1721 1470 1799 ἧττον
1489 1727 1654 1799 ἄμφω
1674 1728 1849 1783 τούτω
1873 1731 2022 1798 δέχε-

344 1817 489 1864 σθον
503 1809 687 1879 ,λύπη
708 1831 765 1864 τε
785 1811 875 1864 καὶ
895 1807 1072 1880 ἡδονή
1085 1852 1099 1879 ,
1123 1811 1209 1864 καὶ
1234 1807 1318 1863 ὅτι
1337 1815 1448 1864 τῶν
1467 1808 1707 1878 ἀπείρων
1727 1817 1891 1880 εἴτην.

483 1908 651 1958 ΠΡΩ.
704 1909 959 1973 Εἴρηται·
982 1910 1038 1958 τί
1049 1926 1187 1974 μην;

488 1991 613 2041 ΣΩ.
675 1989 766 2050 Τίς
786 1989 890 2040 οὐν
910 1983 1121 2056 μηχανὴ
1141 1983 1297 2040 ταῦτ’
1322 1982 1508 2081 ορθῶς
1530 1992 1653 2052 κρίν
1641 1992 1844 2039 εσθαι·
1832 2026 1846 2052 ,

287 2082 319 2121 E
485 2072 655 2122 ΠΡΩ.
708 2073 798 2140 Πῇ
821 2066 886 2138 δὴ
907 2070 996 2123 καὶ
1017 2073 1160 2133 πῶς;

485 2167 610 2217 ΣΩ.
666 2167 739 2217 Ec
752 2161 813 2218 τὸ
835 2159 1132 2234 βούλημα“
1103 2172 1233 2233 ημῖν
1247 2166 1342 2231 τῆς
1360 2166 1587 2231 κρίσεως
1604 2162 1816 2217 τούτων
1833 2164 1892 2217 ἐν
1910 2185 2025 2217 τοι-

346 2244 527 2308 ούτοις
546 2245 651 2299 τισὶ
669 2247 969 2314 διαγνῶναι
986 2244 1243 2315 βούλεται
1263 2244 1534 2315 ἑκάστοτε,
1555 2250 1634 2309 τίς
1653 2244 1868 2300 τούτων
1889 2242 2026 2314 πρὸς

345 2325 583 2396 ἀλλήλας
614 2330 811 2403 μείζων
841 2328 931 2382 καὶ
959 2331 1039 2390 τίς
1070 2326 1310 2381 ἐλάττων
1337 2327 1428 2381 καὶ
1458 2332 1536 2391 τίς
1572 2332 1786 2396 μᾶλλον
1821 2328 1912 2381 καὶ
1947 2331 2028 2390 τίς

348 2409 719 2478 σφοδροτέρα,
764 2407 910 2478 λύπη
938 2430 996 2463 τε
1026 2405 1164 2476 πρὸς
1182 2407 1391 2479 ἡδονὴν
1408 2410 1499 2464 καὶ
1519 2408 1663 2479 λύπη
1687 2406 1825 2477 πρὸς
1844 2408 2028 2477 λύπην

346 2491 436 2544 καὶ
454 2485 626 2560 ἡδονὴ
649 2490 785 2560 πρὸς
802 2487 1026 2561 ἡδονήν.

486 2586 656 2636 ΠΡΩ.
706 2580 852 2638 Ἀλλ’
899 2588 1010 2640 ἔστι
1047 2584 1217 2639 ταῦτα
1245 2605 1302 2639 τε
1332 2591 1558 2639 τοιαῦτα
1586 2587 1674 2640 καὶ
1702 2582 1734 2654 ἡ
1764 2583 2028 2660 βούλησις

347 2670 443 2736 τῆς
462 2669 691 2734 κρίσεως
713 2660 868 2734 αὕτη.

495 2762 618 2813 ΣΩ.
677 2763 743 2812 Τί
759 2752 891 2827 οὗνς
928 2763 990 2816 ἐν
1018 2783 1119 2829 μεν
1139 2758 1263 2826 ὄψει
1280 2758 1340 2814 τὸ
1362 2760 1659 2829 πόρρωθεν
1677 2761 1766 2812 καὶ
1787 2758 2020 2828 ἐγγύθεν

263 2855 320 2896 4⁶2
349 2838 488 2914 ὁρᾷν
509 2839 573 2894 τά
605 2839 811 2909 μεγέθη
834 2837 936 2909 τὴν
965 2839 1238 2911 ἀλήθειαν
1266 2839 1510 2910 ἀφανίζει
1549 2840 1638 2894 καὶ
1675 2843 1853 2910 ψευδῆ
1885 2833 2018 2923 ποιεΙ
