2028 3198
299 160 404 213 230
902 158 1380 210 ΠΛΑΤΩΝΟΣ
1632 132 1633 137 ’
1912 169 1968 214 92

302 317 453 372 ψασα
479 309 556 368 εἰς
579 301 638 359 τὸ
663 300 730 359 ὂν
753 301 941 368 ὅντως.
990 302 1076 360 διὸ
1102 302 1170 376 δὴ
1195 308 1422 368 δικαίως
1455 302 1596 376 μόνη
1620 307 1915 377 πτεροῦται
1936 300 1970 375 ἡ

302 393 401 446 τοῦ
424 388 734 461 φιλοσόφου
749 388 965 445 διάνοια
980 408 991 419 ·
1018 387 1154 462 πρὸς
1177 387 1281 463 γάρ
1307 391 1536 454 ἐκείνοις
1549 384 1639 445 άεί
1659 392 1772 446 ἐστι
1787 387 1971 461 μνήμῃ

303 481 441 532 καταΙ
466 473 725 547 δύναμιν,
751 472 887 546 πρὸς
899 469 1094 548 οἷσπερ
1108 472 1240 539 θεὸς
1254 471 1334 530 ῶν
1356 473 1512 539 θεῖός
1536 476 1664 531 ἐστι.
1689 488 1803 539 τοῖς
1828 473 1889 530 δὲ
1904 471 1973 545 δὴ

303 560 569 625 τοιούτοις
603 557 743 633 ἀνὴρ
776 556 1167 633 ὑπομνήμασιν
1200 557 1384 633 ὀρθῶς
1416 557 1721 632 χρώμενος,
1756 560 1974 623 τελέους

304 643 390 702 άεὶ
429 644 647 711 τελετάς
683 644 1038 718 τελούμενος,
1086 647 1266 710 τέλεος
1298 641 1470 710 ὅντως
1501 644 1667 716 μόνος
1700 651 1973 717 γίγνεται·

244 738 278 778 D
311 731 656 803 ἐξιστάμενος
671 731 731 787 δὲ
743 733 856 787 τῶν
867 727 1246 804 ἀνθρωπίνων
1267 729 1709 802 σπουδασμάτων
1722 731 1814 787 καὶ
1840 727 1974 803 πρὸς

305 820 385 892 τῷ
405 823 546 892 θείω
572 815 899 889 γιγνόμενος
911 825 1261 873 νουθετεῑται
1278 816 1380 887 μὲν
1403 812 1512 872 ὑπὸ
1536 819 1648 872 τῶν
1662 817 1882 872 πολλῶν
1906 809 1977 878 ῶς

307 906 660 974 παρακινεῖν,
688 901 1066 970 ἐνθουσιάζων
1091 902 1152 958 δὲ
1175 904 1378 973 λέληθε
1402 899 1530 966 τοὺς
1554 899 1805 965 πολλούς.

446 985 752 1043 ΧΧΧ.’Έστι
780 985 848 1059 δὴ
873 979 978 1042 οὖν
1003 990 1168 1058 δεῦρο
1191 983 1221 1043 ὁ
1245 990 1351 1051 πᾶς
1376 985 1529 1058 ἥκων
1551 985 1712 1058 λόγος
1734 986 1859 1057 περὶ
1883 988 1977 1055 τῆς

306 1071 566 1144 τετάρτης
590 1078 818 1144 μανίας,
845 1069 915 1143 ἣν
939 1070 1074 1128 ὅταν
1098 1070 1157 1127 τὸ
1182 1074 1319 1144 τῇδέ
1342 1094 1422 1136 τις
1446 1067 1593 1142 ὁρῶν
1616 1070 1813 1136 κάλλος
1829 1114 1843 1140 ,
1878 1073 1977 1125 τοῦ

307 1155 553 1230 ἀληθοῦς
568 1154 1133 1229 άναμιμνησκόμενος,
1155 1160 1432 1229 πτερῶταί
1444 1179 1502 1212 τε
1525 1157 1618 1212 καὶ
1635 1153 1976 1226 άναπτερού-

306 1265 471 1315 μενος
495 1241 957 1315 προθυμούμενος
981 1240 1328 1298 ἀναπτέσθαι
1342 1285 1356 1312 ,
1383 1239 1678 1297 ἀδυνατῶν
1703 1242 1792 1311 δέ,
1826 1237 1978 1310 ὅρνι-

306 1338 411 1394 θος
426 1333 588 1401 δίκην
598 1330 822 1400 βλέπων
846 1325 981 1399 ἄνω,
1006 1330 1119 1383 τῶν
1142 1327 1289 1383 κάτω
1316 1326 1376 1382 δὲ
1401 1323 1636 1399 άμελῶν,
1662 1332 1847 1382 αἰτίαν
1870 1331 1980 1396 ἔχει

246 1431 279 1472 Ε
311 1410 382 1478 ῶς
404 1417 648 1487 μανικῶς
663 1418 1006 1485 διακείμενος
1022 1430 1034 1441 ’
1060 1408 1132 1477 ὡς
1146 1410 1253 1486 ἄρα
1277 1409 1416 1484 αὕτη
1435 1415 1628 1468 πασῶν
1642 1414 1755 1467 τῶν
1778 1414 1978 1467 ἐνθου-

308 1497 548 1556 σιάσεων
571 1496 764 1571 άρίστη
789 1521 846 1555 τε
870 1501 1030 1566 καὶέξ
1043 1496 1285 1571 άρίστων
1308 1501 1387 1572 τῷ
1408 1520 1466 1553 τε
1479 1503 1657 1568 ε”χοντι
1670 1498 1763 1552 καὶ
1776 1500 1854 1571 τῷ
1866 1518 1978 1551 κοι-

308 1590 584 1642 νωνοῦντι
609 1582 777 1656 αὐτῆς
791 1590 1057 1656 γίγνεται,
1083 1585 1175 1639 καὶ
1188 1581 1273 1639 ὅτι
1288 1581 1487 1654 ταύτης
1501 1583 1744 1654 μετέχων
1767 1585 1862 1653 τῆς
1878 1603 1972 1653 μα·

308 1668 629 1744 νίαςὸἐρῶν
652 1673 764 1725 τῶν
776 1673 964 1725 καλῶν
976 1667 1204 1745 ἐραστής
1214 1675 1474 1724 καλεῖται.
1515 1665 1772 1738 καθάπερ
1785 1664 1890 1737 γὰρ
1906 1673 1972 1721 εἴ-

310 1779 488 1828 ρηται,
515 1759 664 1812 πᾶσα
676 1755 777 1826 μὲν
792 1751 1100 1827 άνθρῶπου
1125 1755 1272 1826 ψυχὴ
1287 1753 1453 1824 φύσει
1477 1754 1735 1809 τεθέαται
1749 1750 1815 1807 τὰ
1828 1749 1979 1820 ὄντα,

205 1855 292 1899 250
312 1837 344 1913 ἢ
366 1839 468 1896 οὐκ
491 1837 562 1896 ἂν
585 1832 762 1911 ἦλθεν
786 1845 863 1903 εἰς
887 1839 1013 1895 τόδε
1036 1837 1096 1895 τὸ
1122 1842 1276 1910 ζῶον,
1303 1836 1818 1910 ἀναμιμνήσκεσθαι
1843 1833 1896 1891 δ’
1924 1837 1984 1890 ἐκ

310 1926 489 1983 τῶνδε
506 1928 692 1981 ε’κεῐνα
715 1921 782 1979 ού
809 1926 1006 1998 ῥᾴδιον
1029 1922 1231 1994 ἁπάσῃ,
1256 1920 1384 1979 οὔτε
1409 1920 1534 1978 ὅσαι
1561 1924 1806 1993 βραχέως
1833 1920 1985 1975 εἶδον

311 2011 433 2067 τότε
456 2007 638 2080 τάκεῖ,
675 2005 803 2065 οὔτε
828 2014 889 2064 αἳ
911 2012 1077 2080 δεῦρο
1117 2011 1386 2063 πεσοῦσαι
1410 2005 1820 2077 ε’δυστύχησαν,
1848 2002 1985 2059 ὥστε

310 2094 420 2153 ὑπό
443 2118 616 2152 τινων
640 2090 872 2166 ὁμιλιῶν
897 2095 986 2149 ἐπὶ
1010 2091 1069 2149 τὸ
1095 2090 1292 2148 ἄδικον
1321 2090 1659 2163 τραπόμεναι
1690 2088 1873 2161 λήθην
1906 2081 1985 2143 ῶν

312 2181 433 2238 τότε
458 2180 611 2237 εἶδον
636 2182 802 2252 ἱερῶν
833 2185 994 2250 ἔχειν.
1047 2175 1228 2248 ὀλίγαι
1255 2182 1323 2249 δη
1348 2182 1659 2246 λείπονται,
1695 2171 1782 2238 αἷς
1805 2172 1866 2229 τὸ
1892 2177 1984 2245 τῆς

312 2267 528 2340 μνήμης
564 2268 767 2329 ἱκανῶς
806 2264 1073 2337 πάρεστιν
1089 2279 1100 2291 ·
1147 2255 1311 2319 αὗται
1349 2263 1437 2331 δέ,
1474 2259 1609 2317 ὅταν
1645 2283 1696 2316 τι
1731 2263 1843 2315 τῶν
1876 2261 1990 2315 ἐκεῖ

313 2349 562 2425 ὁμοίωμα
576 2356 792 2420 ἴδωσιν,
819 2349 1211 2421 ἐκπλήττονται
1234 2349 1325 2404 καὶ
1338 2343 1535 2403 οὐκέθ’
1563 2343 1749 2402 αὑτῶν
1763 2350 1984 2416 γίγνον-

313 2460 432 2507 ται,
458 2434 489 2492 ὃ
515 2433 569 2490 δ’
598 2441 711 2492 ἔστι
734 2433 795 2491 τὸ
820 2435 1001 2499 πάθος
1025 2431 1289 2506 άγνοοῦσι
1316 2430 1407 2488 διὰ
1434 2430 1493 2487 τὸ
1518 2430 1591 2503 μὴ
1618 2433 1818 2495 ἱκανῶς
1844 2433 1984 2484 διαι-

251 2538 284 2578 Β
316 2521 645 2579 σθάνεσθαι.
704 2519 1059 2591 δικαιοσύνης
1083 2519 1185 2591 μὲν
1209 2509 1313 2573 οὖν
1346 2518 1438 2573 καὶ
1471 2513 1862 2589 σωφροσύνης,
1897 2514 1987 2568 καὶ

315 2605 419 2664 ὅσα
443 2603 583 2663 ἄλλα
606 2611 757 2677 τίμια
781 2617 982 2676 ψυχαῖς
997 2647 1011 2675 ,
1045 2601 1147 2659 οὐκ
1172 2608 1350 2659 ἔνεστι
1373 2604 1577 2674 φέγγος
1601 2598 1767 2657 οὐδὲν
1790 2601 1851 2654 έν
1875 2611 1989 2662 τοῖς

315 2697 450 2766 τῇδε
473 2687 840 2763 ὃμοιώμασιν,
868 2687 1006 2744 ἄλλα
1034 2685 1112 2744 δι’
1138 2686 1404 2761 ἀμυδρῶν
1427 2683 1682 2760 ὀργάνων
1704 2681 1861 2755 μόγις
1885 2679 1985 2738 αύ-
2026 2719 2028 2734 ÷

316 2782 428 2833 τῶν
464 2777 555 2833 καὶ
591 2774 767 2847 ὀλίγοι
805 2775 894 2830 ἐπὶ
929 2772 1023 2838 τὰς
1060 2772 1277 2838 εἰκόνας
1315 2771 1492 2836 ἰόντες
1525 2773 1770 2827 θεῶνται
1805 2765 1866 2822 τὸ
1891 2771 1988 2823 τοῦ

318 2863 671 2925 εἰκασθέντος
694 2862 852 2931 γένος
868 2876 879 2886 ·
905 2858 1102 2922 κάλλος
1129 2859 1187 2913 δὲ
1203 2854 1314 2913 τότ’
1341 2849 1410 2927 ἦν
1434 2859 1578 2911 ἰδεῖν
1603 2851 1872 2926 λαμπρόν,
1899 2849 1989 2907 ὅτε

323 2944 429 3001 σὺν
455 2943 742 3018 εὐδαίμονι
757 2948 903 3019 χορῷ
927 2948 1203 3015 μακαρίαν
1217 2939 1350 3008 ὄψιν
1373 2962 1431 2995 τε
1444 2940 1708 3010 καὶθέαν,
1734 2936 1986 3010 ἑπόμενοι
