2028 3198
217 281 249 322 C

215 937 251 978 D

217 1511 249 1550 E

168 1920 252 1962 245

1768 0 1799 10 ,..
1884 0 1935 24 μ’
1976 15 1978 18 Ι

278 276 493 343 μανίαν.
527 267 593 324 ού
612 270 719 338 γὰρ
739 264 811 322 ὅῖν
831 273 897 340 τῇ
915 273 1177 340 καλλίστῃ
1195 271 1382 341 τέχνῃ,
1418 259 1456 339 ᾗ
1474 268 1532 323 τὸ
1555 272 1756 339 μέλλον
1774 274 1958 337 κρίνε-

276 375 390 420 ται,
413 347 546 405 αὐτὸ
573 355 738 405 τοῦτο
758 348 1006 420 τοῦνομα
1026 351 1386 420 ἐμπλέκοντες
1405 349 1646 422 μανικὴν
1666 351 1930 407 ἐκάλεσαν
1946 373 1956 383 ·

278 430 401 488 ἀλλ’
425 429 500 496 ῶς
519 438 697 487 καλοῦ
716 430 892 502 ὄντος,
915 430 1052 487 ὅταν
1071 436 1202 504 θείᾳ
1222 436 1386 502 μοίρᾳ
1406 437 1674 504 γίγνηται,
1695 432 1843 489 οὕτω
1862 453 1959 487 νο-

277 522 534 586 μίσαντες
553 518 749 570 ἔθεντο
765 557 781 586 ,
805 517 862 569 oc
880 512 938 569 δὲ
957 519 1067 568 νῦν
1085 511 1463 583 ἀπειροκάλως
1486 512 1546 568 τὸ
1568 522 1672 569 ταῦ
1690 513 1962 586 ἐπεμβάλ-

277 603 466 661 λοντες
487 592 761 667 μαντικὴν
778 594 1064 651 ἐκάλεσαν.
1087 596 1202 650 ἐπεὶ
1221 596 1313 650 καὶ
1331 596 1432 666 τήν
1450 617 1514 665 γε
1531 602 1646 651 τῶν
1666 595 1961 667 ἐμφρόνων

279 678 504 750 ζήτησιν
530 684 634 733 τοῦ
662 678 958 748 μέλλοντος
989 676 1078 731 διά
1106 698 1164 731 τε
1206 674 1456 745 ὀρνίθων
1487 681 1837 748 ποιουμένων
1872 678 1963 731 καὶ

278 768 389 815 τῶν
410 759 596 815 ἄλλων
617 764 876 830 σημείων,
899 755 977 813 ἅτ’
1002 762 1059 814 ἐκ
1078 762 1322 822 διανοίας
1340 763 1714 829 ποριζομένων
1736 757 1964 828 ἀνθρω-

279 846 410 914 πίνῃ
431 842 606 912 οἰήσει
626 847 769 896 νοῦν
788 862 846 895 τε
865 842 956 896 καὶ
977 844 1252 912 ἱστορίαν,
1285 839 1655 911 οἰονοιστικην
1675 841 1963 911 ἐπωνόμα-

284 939 406 992 σαν,
427 919 497 993 ἣν
517 929 626 978 νῦν
645 922 997 994 οἰωνιστικὴν
1015 931 1093 978 τῶ
1113 946 1155 978 ω
1168 924 1536 993 σεμνύνοντες
1552 927 1609 979 οι
1623 926 1739 979 νέοι
1758 930 1958 979 καλοῦ-

281 1021 397 1060 σιν·
437 1002 551 1077 ὅσω
591 1003 656 1076 δὴ
700 1007 807 1060 οὐν
842 1005 1176 1075 τελεώτερον
1215 1005 1306 1060 καὶ
1346 1005 1694 1074 ἐντιμότερον
1730 1002 1960 1074 μαντικὴ

282 1090 655 1156 οἰωνιστικῆς,
694 1086 760 1141 τό
788 1109 844 1141 τε
877 1084 1054 1157 ὄνομα
1084 1094 1187 1142 τοῦ
1218 1085 1489 1156 ὀνόματος
1517 1090 1682 1156 ἔργον
1711 1083 1755 1140 τ’
1781 1090 1962 1155 ἔργου,

279 1168 425 1243 τόσῳ
455 1169 685 1223 κάλλιον
713 1175 1095 1240 μαρτυροῦσιν
1124 1173 1180 1224 οἰ
1205 1170 1425 1224 παλαιοὶ
1444 1173 1647 1237 μανίαν
1667 1167 1965 1237 σωφροσύ-

282 1272 381 1321 νης
417 1250 521 1320 τὴν
548 1252 606 1304 ἐκ
636 1257 780 1304 θεοῦ
807 1257 904 1321 τῆς
934 1249 1069 1321 παρ’
1101 1250 1422 1321 ἀνθρώπων
1441 1251 1782 1320 γιγνομένης.
1826 1247 1964 1304 ἀλλὰ

280 1329 393 1403 μὴν
412 1331 600 1386 νόσων
618 1353 682 1401 γε
702 1333 794 1386 καὶ
820 1331 1010 1387 πόνων
1027 1337 1140 1386 τῶν
1160 1337 1432 1402 μεγίστων
1446 1374 1460 1402 ,
1494 1329 1529 1386 ὁὶ
1550 1329 1615 1401 δὴ
1638 1337 1886 1385 παλαιῶν
1906 1333 1964 1391 ἐκ

279 1413 600 1486 μηνιμάτων
622 1415 803 1471 ποθὲν
834 1420 894 1471 ἔν
912 1431 1021 1470 τισι
1050 1420 1162 1468 τῶν
1189 1420 1371 1483 γενῶν
1401 1407 1499 1484 ἦν,
1543 1417 1712 1483 μανία
1743 1414 1965 1481 ἐγγενο-

281 1501 416 1568 μένη
436 1498 528 1552 καὶ
548 1495 981 1567 προφητεύσασα
1002 1491 1082 1560 οἷς
1102 1498 1210 1550 ἔδει
1229 1491 1552 1565 ἀπαλλαγὴν
1570 1494 1776 1563 εὕρετο,
1798 1515 1965 1548 κατα-

282 1584 543 1649 φυγοῦσα
564 1577 701 1647 πρὸς
719 1583 875 1632 θεῶν
895 1574 1057 1647 εὐχάς
1076 1599 1133 1632 τε
1152 1578 1245 1632 καὶ
1275 1582 1551 1647 λατρείας,
1593 1573 1732 1630 ὅθεν
1762 1572 1827 1642 δὴ
1862 1597 1965 1629 κα-

281 1665 522 1730 θαρμῶν
550 1679 608 1713 τε
638 1660 731 1713 καὶ
749 1665 982 1715 τελετῶν
1001 1665 1244 1728 τυχοῦσα
1264 1658 1458 1727 ἐξάντη
1480 1660 1697 1727 ἐποίησε
1715 1654 1814 1712 τὸν
1836 1658 1966 1711 ἑαυ-

272 136 378 189 224
876 135 1354 183 ΠΛΑΤῼΝΟΣ
1892 144 1952 188 86
2018 128 2028 132 ’

284 1747 381 1810 τῆς
412 1745 604 1810 ἔχοντα
635 1739 771 1810 πρός
800 1761 858 1794 τε
886 1738 987 1794 τὸν
1017 1738 1266 1806 παρόντα
1294 1740 1384 1794 καὶ
1413 1739 1510 1793 τὸν
1540 1743 1723 1793 ἔπειτα
1742 1738 1963 1808 χρόνον,
2020 1771 2022 1773 -

283 1821 447 1876 λύσιν
464 1828 540 1894 τῶ
562 1820 751 1891 ὀρθῶς
769 1824 995 1891 μανέντι
1023 1843 1080 1875 τε
1100 1823 1191 1875 καὶ
1213 1821 1602 1892 κατασχομένςο
1621 1826 1733 1874 τῶν
1754 1819 1967 1887 παρόν-

283 1925 396 1958 των
414 1909 603 1957 κακῶν
622 1900 909 1971 εὑρομένη.
946 1907 1098 1972 τρίτη
1125 1902 1183 1956 δὲ
1203 1900 1311 1956 άπὸ
1331 1907 1589 1956 Μουσῶν
1608 1899 1890 1970 κατοκωχή
1909 1922 1965 1955 τε

283 1986 374 2041 καὶ
395 1988 580 2054 μανία,
602 1987 852 2054 λαβοῦσα
872 1978 1091 2051 ἁπαλὴν
1110 1983 1200 2035 καὶ
1220 1981 1429 2050 ἄβατον
1453 1982 1657 2052 ψυχήν,
1681 1985 1965 2050 ἐγείρουσα

282 2067 374 2121 καὶ
392 2065 806 2138 ἐκβακχεύονσα
824 2062 962 2119 κατά
983 2085 1038 2118 τε
1059 2061 1206 2136 ᾠδὰς
1225 2065 1316 2118 καὶ
1335 2061 1473 2118 κατὰ
1492 2062 1595 2133 τὴν
1613 2061 1786 2133 ἄλλην
1806 2068 1964 2132 ποίη·
2020 2103 2022 2105 >

283 2163 400 2216 σιν,
421 2153 592 2217 μυρία
610 2151 722 2200 τῶν
742 2151 994 2200 παλαιῶν
1015 2148 1146 2215 ἔργα
1164 2150 1451 2215 κοσμοῦσα
1469 2141 1602 2208 τούς
1621 2146 1986 2214 ἐπιγιγνομέ-.

285 2249 421 2292 νους
439 2227 711 2283 παιδεύει·
752 2224 811 2291 ὃς
832 2224 882 2281 δ’
908 2225 979 2280 ἂν
1000 2224 1137 2281 ἄνευ
1157 2232 1353 2296 μανίας
1378 2233 1632 2282 Μουσῶν
1651 2227 1736 2282 ἐπὶ
1757 2246 1968 2295 ποιητι-

286 2307 389 2373 κάς
417 2309 602 2381 θύρας
631 2307 919 2379 ἀφίκηται,
959 2310 1204 2373 πεισθεὶς
1235 2306 1308 2373 ῶς
1338 2308 1445 2377 ἄρα
1474 2311 1534 2364 ἐκ
1562 2311 1751 2379 τέχνης
1779 2306 1967 2371 ἱκανὸς

274 2387 513 2460 ποιητὴς
531 2390 817 2460 ἐσόμενος,
848 2388 1042 2460 ἀτελὴς
1069 2388 1236 2455 αὐτός
1256 2413 1314 2445 τε
1343 2394 1433 2446 καὶ
1455 2388 1487 2461 ἡ
1510 2397 1723 2460 ποίησις
1741 2386 1850 2444 ὑπὸ
1871 2394 1966 2458 τῆς

283 2477 398 2527 τῶν
417 2469 818 2542 μαινομένωνὴ
840 2478 943 2526 τοῦ
962 2477 1391 2542 σωφρονοῦντος
1409 2471 1711 2542 ἠφανίσθη.

424 2558 603 2608 ΧΧΙΙΙ.
679 2559 934 2608 Τοσαῦτα
971 2556 1158 2624 μέντοι
1193 2556 1285 2609 καὶ
1322 2558 1398 2608 ἔτι
1434 2558 1602 2608 πλείω
1641 2558 1742 2622 ἔχω
1771 2555 1966 2621 μανίας

284 2636 613 2705 γιγνομένης
643 2633 749 2689 ἀπὸ
779 2642 933 2690 θεῶν
962 2637 1142 2706 λέγειν
1171 2633 1308 2691 καλοὶ
1341 2639 1495 2705 ἔργα·
1535 2632 1674 2688 ὥστε
1700 2629 1865 2686 τοῦτό
1902 2651 1964 2699 γε

286 2714 420 2771 αὐτὸ
441 2715 513 2787 μὴ
535 2715 873 2787 φοβώμεθα,
907 2721 1048 2787 μηδέ
1061 2740 1141 2782 τις
1169 2715 1311 2789 ἡμᾶς
1338 2716 1502 2786 λόγος
1530 2717 1839 2783 θορνβείτω
1873 2715 1963 2766 δε-

286 2797 616 2868 διττόμενος,
657 2795 729 2862 ῶς
766 2797 871 2867 πρὸ
912 2805 1011 2853 τοῦ
1048 2799 1413 2869 κεκινημένου
1448 2794 1548 2850 τόν
1585 2793 1849 2862 σώφρονα
1886 2798 1968 2846 δεῖ
