2028 3198
0 119 119 186 ’,ιιι
700 97 1046 166 ΘΕΑΓΗΣ.
1104 159 1107 161 .
1156 111 1162 114 ’
1300 121 1322 142 ·
1612 113 1720 167 881

36 258 394 325 Θουκυδίδην
428 250 531 308 τὸν
558 254 852 322 Μελησίου
874 247 1003 305 υίόν
1033 254 1138 305 τοῦ
1173 251 1546 306 Θουκυδίδου.
1598 245 1628 306 ὃ
1661 250 1722 306 δὲ
1765 269 1773 280 ·

36 340 387 413 Θουκυδίδης
419 342 488 408 τῇ
524 339 824 407 προτεραίᾳ
843 354 937 403 μοι
958 329 1021 387 δι’
1030 329 1339 403 ἀπεχθείας
1357 335 1419 388 ἐν
1436 331 1621 402 λόγοις
1639 354 1720 389 τι·
1750 335 1784 377 B

38 424 128 479 σιν
148 421 409 492 ἐγεγόνει.
449 415 586 474 ἰδων
607 408 713 472 οὖν
732 436 799 486 με
820 412 849 471 ὁ
866 412 1224 486 Ἀριστείδης,
1257 412 1444 486 ἐπειδὴ
1465 412 1721 487 ἠσπάσα-

28 505 102 560 ’τό
120 526 178 560 τε
197 504 287 559 καὶ
306 496 479 558 τᾶλλα
500 500 752 569 διελέχθη
768 540 783 567 ,
825 501 1182 568 Θουκυδίδην
1211 501 1297 566 δέ,
1336 502 1471 570 ἔφη,
1511 497 1719 570 ἀκούω,

0 643 6 653 ,
39 581 85 644 οἳ
106 587 428 656 Σώκρατες,
470 581 851 653 σεμνύνεσθαι
871 579 1007 635 ἅττα
1026 579 1164 649 πρὸς
1182 581 1243 634 σὲ
1261 582 1352 635 καὶ
1370 585 1721 651 χαλεπαίνειν

0 659 7 685 ²
38 667 112 735 ὥς
134 670 182 724 τὶ
202 667 352 724 ὄντα.
404 665 555 722 Ἔστι
577 665 701 735 γάρ,
725 668 867 734 ἔφην
887 661 1020 733 ἐγώ,
1044 661 1236 727 οὕτως.
1308 668 1378 719 Τί
1407 667 1471 719 δέ
1478 688 1493 733 ;
1515 662 1618 721 οὐκ
1639 664 1720 721 οἷ-

37 749 160 821 δεν,
181 756 285 822 ἔφη
299 793 314 820 ,
338 752 470 818 πρὶν
487 750 572 804 σοὶ
594 748 995 818 συγγενέσθαι,
1018 741 1139 800 οἷον
1157 738 1230 816 ἦν
1250 743 1309 801 τὸ
1333 744 1721 817 ἀνδράποδονς

42 833 163 890 Οὐκ
184 838 328 888 ε”οικέ
345 854 405 903 γε
420 872 435 899 ,
474 837 619 902 ἔφην
637 829 747 900 ἐγώ
760 871 774 898 ,
820 828 890 899 νὴ
915 827 1046 892 τούς
1071 829 1260 893 θεούς.
1315 827 1474 885 Ἀλλοὶ
1495 830 1609 902 μὴν
1627 831 1721 886 καὶ

38 917 205 982 αὐτός
224 938 284 987 γε
298 958 312 985 ,
334 919 467 985 ἔφη,
487 912 905 982 καταγελάστως
927 915 1028 981 ἔχω
1044 952 1058 979 ,
1092 904 1137 964 ὦ
1155 911 1466 981 Σώκρατες.
1529 920 1598 969 Τί
1609 914 1719 984 μά-

35 1007 220 1063 λιστας
254 1004 396 1067 ἒφην
416 996 538 1066 ἐγώ.
601 994 744 1063 Ὅτι,
785 999 920 1066 ἔφη,
960 995 1091 1062 πρὶν
1110 995 1213 1064 μὲν
1231 995 1478 1066 ἐκπλεῖν,
1502 993 1720 1071 ὁτῳοῦν
1752 1007 1784 1050 C

17 1080 324 1153 ’ἀνθρώπῳ
343 1075 457 1144 οἷός
474 1077 515 1135 τ’
536 1073 608 1150 ἦν
631 1079 987 1149 διαλέγεσθαι
1006 1079 1094 1132 καὶ
1117 1075 1354 1148 μηδενὸς
1370 1084 1569 1150 χείρων
1589 1085 1718 1150 φαί-

37 1169 238 1218 νεσθαι
268 1163 329 1216 ἐν
360 1173 472 1225 τοῖς
501 1161 713 1231 λόγοις,
755 1160 895 1215 ὥστε
925 1161 1016 1215 καὶ
1048 1162 1280 1214 ἐδίωκον
1306 1158 1402 1224 τὰς
1421 1167 1722 1226 συνουσίας

39 1252 154 1301 τῶν
181 1243 549 1315 χαριεστάτων
581 1241 933 1312 ἀνθρώπων·
970 1244 1096 1297 νυνὶ
1127 1242 1187 1298 δὲ
1217 1240 1549 1300 τούναντίον
1578 1245 1721 1315 φεύ-

40 1350 151 1399 γω,
188 1327 260 1382 ἄν
279 1349 401 1381 τινα
423 1329 509 1381 καὶ
532 1325 886 1397 αἰσθάνωμαι
915 1329 1382 1396 πεπαιδευμένον·
1419 1327 1596 1393 οὕτως
1633 1333 1721 1385 αι’-

39 1410 311 1480 σχύνομαι
343 1410 427 1463 ἐπὶ
447 1413 511 1479 τῇ
542 1410 786 1478 ἐμαυτοῦ
808 1409 1125 1479 φαυλότητι.
1160 1408 1411 1480 Πότερον
1448 1413 1533 1480 δέ,
1554 1403 1625 1482 ἦν
1663 1410 1714 1467 δ’

39 1493 147 1561 ἐγώ
161 1534 176 1561 ,
210 1493 469 1561 ἐξαίφνης
489 1508 549 1545 σε
571 1490 878 1557 προῦλιπεν
908 1490 1046 1562 αὕτη
1068 1490 1098 1562 ἡ
1123 1492 1358 1563 δύναμις
1381 1487 1412 1562 ἢ
1432 1490 1567 1547 κατὰ
1590 1511 1717 1564 σμι-

35 1573 201 1643 κρόνς
243 1571 394 1628 Κατὰ
419 1573 683 1643 σμικρόν,
715 1566 749 1644 ἦ
770 1572 823 1628 δ’
844 1572 920 1639 ὅς.
961 1572 1153 1629 Ἡνίκα
1176 1575 1238 1629 δέ
1256 1591 1341 1629 σοι
1366 1576 1716 1645 παρεγένετο,

35 1650 108 1727 ἦν
128 1654 178 1711 δ’
204 1656 312 1725 ἐγώ
328 1698 340 1722 ,
380 1655 618 1725 πότερον
643 1654 882 1726 μαθόντι
902 1653 1025 1724 παρ’
1047 1659 1183 1726 ἐμοῦ
1203 1679 1250 1710 τι
1278 1659 1635 1728 παρεγένετο,
1675 1656 1713 1730 ἤ
1743 1674 1779 1716 D

33 1761 139 1793 τινι
161 1736 308 1811 ἄλλῳ
328 1739 544 1811 τρόπῳ;
572 1737 705 1807 Ἐγώ
726 1755 811 1793 σοι
832 1740 964 1807 ἐρῶ,
999 1743 1132 1810 ἔφη,
1167 1732 1209 1794 ὦ
1231 1739 1554 1811 Σώκρατες,
1588 1738 1720 1796 ἄπι-

35 1838 167 1875 στον
187 1821 289 1889 μὲν
310 1817 376 1889 νὴ
399 1818 531 1884 τούς
550 1820 747 1890 θεούς,
781 1817 987 1891 ἀληθὲς
1007 1823 1090 1876 δέ·
1126 1820 1233 1891 ἐγώ
1253 1819 1359 1891 γὰρ
1379 1827 1596 1893 ἔμαθον
1616 1823 1718 1894 μὲν

34 1899 182 1967 παρὰ
205 1905 309 1955 σοῦ
332 1898 497 1955 οὐδὲν
519 1902 767 1972 πώποτε,
801 1899 875 1966 ὡς
903 1900 1069 1966 αὐτὸς
1092 1901 1282 1958 οἶσθα·
1324 1906 1616 1960 ἐπεδίδουν
1635 1908 1712 1976 δέ,

15 1978 197 2037 ὁπότε
219 2000 305 2037 σοι
328 1988 572 2054 συνείην,
596 1980 703 2039 κᾶν
722 1989 771 2040 εἰ
790 1987 851 2039 ἐν
871 1990 934 2056 τῇ
955 1984 1094 2057 αὐτῇ
1115 1984 1291 2055 μόνον
1313 1991 1458 2059 οἰκίᾳ
1479 1995 1615 2058 εἴην,
1638 1986 1711 2059 μή

31 2068 93 2119 ἐν
122 2072 197 2139 τῷ
230 2064 379 2138 αὐτῷ
411 2066 468 2122 δὲ
501 2068 778 2138 οἰκήματι·
834 2074 1049 2137 μᾶλλον
1078 2071 1135 2123 δὲ
1167 2066 1334 2123 ὁπότε
1364 2071 1425 2125 ἐν
1455 2077 1533 2143 τῷ
1563 2068 1716 2144 αὐτῷ

20 2147 286 2217 ὀἰκήματι
305 2168 316 2179 ·
364 2147 452 2203 καὶ
483 2150 666 2218 ἔμοιγε
698 2149 937 2204 ἐδόκουν
965 2149 1108 2204 πολὺ
1129 2155 1345 2220 μᾶλλον
1367 2150 1535 2208 ὁπότε
1554 2154 1616 2209 ἐν
1636 2157 1711 2223 τῷ

31 2226 184 2300 αὐτῷ
207 2228 460 2298 οἰκήματι
492 2226 571 2284 ὦν
599 2231 860 2300 λέγοντός
889 2247 993 2285 σου
1012 2234 1267 2303 βλέποιμι
1290 2231 1428 2303 πρὸς
1446 2237 1532 2304 σε’,
1571 2239 1714 2305 μᾶλ-

28 2316 127 2365 λον
148 2305 181 2379 ἦ
201 2306 363 2364 ὁπότε
386 2309 585 2367 ἄλλοσε
607 2310 816 2385 ὁρῴην·
857 2313 1000 2368 πολὺ
1019 2313 1074 2369 δὲ
1094 2313 1326 2383 μάλιστα
1347 2317 1435 2372 καὶ
1456 2323 1713 2373 πλεῖστον
1758 2340 1796 2382 Ἐ

26 2394 348 2461 ἐπεδίδουν,
390 2389 554 2447 ὁπότε
588 2394 711 2460 παρ’
734 2393 908 2449 αὐτόν
939 2412 998 2449 σε
1030 2402 1311 2468 καθοίμην
1330 2397 1586 2469 ἐχόμενός
1607 2416 1711 2454 σου

23 2475 112 2529 ’καὶ
136 2470 454 2543 ἁπτόμενος.
508 2482 615 2529 νῦν
637 2479 721 2545 δέ,
760 2469 795 2546 ἦ
818 2473 870 2530 δ’
892 2474 981 2543 ὅς,
1012 2481 1160 2532 πᾶσα
1181 2481 1357 2551 ἐκείνη
1379 2477 1411 2551 ἡ
1433 2481 1538 2546 ἕξις
1558 2482 1706 2550 ἐξερ-

26 2575 247 2624 ρυηκεν.

169 2643 294 2693 xm.
361 2638 547 2694 Ἔστιν
566 2632 686 2709 οὖν,
711 2634 752 2695 ὦ
777 2645 996 2711 Θεάγες,
1019 2642 1243 2714 τοιαύτη
1266 2641 1298 2714 ἡ
1318 2641 1552 2715 ἡμετέρα
1571 2660 1711 2699 συν-

27 2725 215 2774 ουσία·
262 2720 359 2774 ἐὰν
389 2722 491 2790 μὲν
519 2729 593 2794 τῷ
622 2729 740 2794 θεῷ
770 2730 936 2794 φίλον
967 2718 1029 2796 ᾖ,
1070 2725 1220 2780 πάνυ
1251 2725 1397 2781 πολὺ
1427 2724 1713 2791 ἐπιδώσεις

26 2800 115 2852 καὶ
139 2802 299 2871 ταχύ,
339 2808 387 2856 εἰ
406 2804 458 2858 δὲ
484 2805 587 2874 μή,
629 2803 711 2859 οὔ.
775 2804 878 2875 ὅρα
900 2800 1004 2862 οὖν
1025 2807 1099 2878 μή
1122 2824 1208 2863 σοι
1240 2803 1710 2882 οἷσφαλέστερονῇ
