2028 3198
313 119 381 170 66
922 121 1398 170 ΠΛΑΤΩΝΘΣ

452 258 619 307 ΠΡῼ.
678 257 775 316 Εἰς
796 248 1043 321 ἀφασίαν
1061 253 1380 310 παντάπασί
1394 277 1476 326 με,
1500 249 1544 311 ὦ
1560 247 1871 329 Σώκρατες,
1891 254 1992 316 οὗ-

313 355 402 398 τος
425 332 452 388 ὁ
478 334 641 402 λόγος
660 335 960 405 ἐμβέβληκε
979 334 1045 389 τὰ
1065 341 1186 390 νῦν.

450 417 572 468 ΣΩ.
626 415 818 486 Μήπω
841 420 1032 470 τοίνυν
1053 417 1550 490 μαλθακιζιόμεθα,
1573 419 1672 475 τὸν
1693 419 1751 475 δὲ
1769 425 1869 476 τοῦ
1888 425 1991 476 νοῦ

308 495 709 567 μεταλαβόντες
730 490 804 551 αὖ
821 501 947 569 βίον
966 500 1184 567 ἴδωμεν.

451 586 536 635 XI.
588 584 757 635 ΠΡῼ.
817 586 994 634 Ποῖον
1014 577 1079 650 δὴ
1100 582 1301 649 λέγεις;

452 666 574 716 ΣΩ.
626 668 700 718 Εἰ
725 683 804 726 τις
834 659 1029 727 δέξαιτ’
1061 657 1134 715 ἂν
1162 655 1235 715 αὖ
1266 666 1362 734 ζῇν
1391 659 1547 732 ἡμῶν
1578 664 1855 735 φρόνησιν
1891 666 1991 736 μὲν

248 758 279 796 Ε
312 745 402 799 καὶ
420 749 563 798 νοῦν
582 745 672 799 καὶ
693 744 993 814 ἐπιστήμην
1011 744 1102 797 καὶ
1119 743 1343 813 μνήμην
1359 750 1540 799 πασαν
1556 745 1781 800 πάντων
1799 767 1990 817 κεκτη-

308 827 487 896 μένος,
511 823 714 896 ἡδονῆς
731 824 788 881 δε
805 826 1044 894 μετέχων
1060 824 1195 895 μήτε
1211 828 1347 895 μέγα
1362 825 1495 895 μήτε
1511 826 1762 897 σμικρόν,
1780 826 1902 897 μηδ’
1920 831 1991 881 αὐ

309 906 508 978 λύπης,
544 904 681 962 ἄλλα
702 905 762 961 τὸ
784 905 1047 974 παράπαν
1066 903 1287 977 απαθὴς
1315 925 1541 961 παντων
1566 913 1678 963 τῶν
1707 908 1987 965 τοιούτων.

447 993 615 1043 ΠΡῼ.
680 985 1024 1056 Ούδέτερος
1002 1009 1030 1042 ο
1050 991 1196 1058 βίος,
1240 989 1280 1041 ω’
1302 986 1619 1058 Σώκρατες,
1658 993 1839 1059 ἔμοιγε
1859 989 1992 1044 τού-

309 1091 419 1124 των
439 1069 667 1140 αἱρετός,
691 1067 814 1125 οὐδ’
840 1068 988 1142 ἄλλῳ
1009 1069 1084 1140 μή
1105 1089 1251 1140 ποτε,
1275 1092 1348 1134 ως
1368 1073 1588 1144 ε’γςόμαι,
1612 1078 1777 1144 φανῇ.

223 1163 279 1205 22
448 1156 571 1206 Σῼ.
634 1156 705 1206 Τί
720 1148 771 1206 6'
796 1149 824 1207 6
847 1151 1284 1222 ξυναμφότερος,
1308 1174 1348 1206 ω
1370 1152 1686 1224 Πρωταρχε,
1709 1155 1762 1219 ἐξ
1783 1151 1989 1224 ἀμφοῖν

312 1234 634 1303 συμμιχθεὶς
656 1231 840 1297 κοινὸς
859 1233 1180 1303 γενόμενος;

450 1319 617 1369 ΠΡῼ.
666 1311 899 1384 Ἡδονῆς
918 1315 1091 1384 λέγεις
1111 1313 1200 1368 καὶ
1221 1320 1326 1368 νοῦ
1344 1315 1434 1369 καὶ
1454 1315 1799 1387 φρονήσεως;

451 1402 573 1452 ΣΩ.
636 1395 799 1451 Ούτω
819 1398 909 1451 καὶ
928 1402 1040 1451 τῶν
1055 1395 1323 1451 τοιούτων
1342 1398 1495 1466 λέγω.

450 1483 617 1532 ΠΡΩ.
676 1484 795 1541 Πᾶς
826 1477 1006 1548 δήπου
1037 1477 1236 1532 τοῦτόν
1262 1499 1324 1547 γε
1355 1476 1636 1548 αιρήσεται
1665 1478 1936 1549 πρότερον
1955 1475 1989 1548 ἦ

307 1562 534 1615 ἐκείνων
572 1556 976 1630 ὁποτερονοῦν,
1017 1561 1107 1615 καὶ
1137 1557 1273 1627 πρὸς
1302 1559 1515 1624 τούτοις
1545 1582 1634 1630 γε,
1670 1559 1771 1630 οὐχ
1807 1558 1836 1616 6
1869 1562 1988 1631 μέν,

307 1638 335 1695 6
359 1638 409 1696 δ’
438 1641 522 1696 ού.

449 1728 569 1778 Σῼ.
630 1723 1020 1793 Μανθάνομεν
1052 1717 1156 1778 οὖν
1190 1720 1220 1778 ὅ
1249 1745 1299 1778 τι
1331 1728 1438 1778 νῦν
1464 1720 1594 1794 ἡμῖν
1623 1724 1734 1779 ἐστὶ
1763 1720 1823 1778 τὸ
1856 1726 1991 1793 ξυμ-

309 1809 507 1875 βαῖνον
527 1827 587 1859 εν
607 1815 718 1868 τοῖς
738 1812 977 1874 παροῦσι
996 1804 1204 1874 λόγοις·
1192 1846 1205 1869 ,

454 1892 621 1942 ΠΡΩ.
676 1886 843 1941 Πανυ
862 1908 962 1956 μεν
982 1889 1116 1954 οὐν,
1151 1885 1236 1940 ὅτι
1265 1897 1409 1956 τρεῖς
1430 1907 1531 1955 μεν
1548 1890 1660 1955 βίοι
1680 1885 1993 1957 προύτέθη-

248 1984 280 2024 B
313 1985 445 2039 σαν,
485 1980 603 2024 τοῖν
636 1971 795 2033 δυοῖν
826 1964 879 2022 δ’
914 1963 1252 2037 ούδέτερος’
1230 1964 1419 2031 ικανὸς
1450 1963 1579 2021 οὐδὲ
1619 1966 1829 2035 αἱρετὸς
1868 1965 1989 2022 οὔτ

310 2048 631 2119 ἀνθρώπων
650 2048 779 2104 ούτε
799 2048 870 2114 ζω
877 2070 955 2104 ων
971 2046 1174 2104 οὐδενί.

456 2137 572 2186 ΣΩ.
631 2137 781 2186 Μῶν
820 2126 926 2186 οὖν
955 2129 1058 2186 οὐκ
1092 2129 1197 2202 ἤδη
1228 2129 1444 2185 τούτων
1473 2150 1535 2200 γε
1566 2131 1690 2199 πέρι
1718 2132 1889 2200 δῆλον
1921 2153 1992 2195 ως

311 2211 599 2283 οὐδέτερος
629 2210 816 2268 αὐτων
856 2211 961 2283 ειχε
999 2210 1277 2282 τᾶγαθόνς
1317 2205 1390 2282 ἦν
1423 2232 1530 2281 γαρ
1568 2208 1640 2266 ἂν
1675 2211 1867 2276 ἱκανὸς
1900 2214 1991 2267 καὶ

309 2299 488 2359 τέλεος
508 2297 599 2351 καὶ
617 2301 749 2350 πᾶσι
769 2307 963 2367 φυτοῖς
984 2297 1074 2351 καὶ
1094 2295 1250 2362 ζώοις
1278 2294 1517 2364 αἱρετός,
1538 2290 1728 2363 οἷσπερ
1748 2295 1989 2348 δυνατὸν

308 2372 381 2448 ἦν
410 2374 585 2441 οὕτως
611 2374 695 2432 αεὶ
725 2377 814 2432 διὰ
844 2383 970 2449 βίου
1000 2382 1121 2450 ζῇν·
1164 2382 1213 2433 εἰ
1239 2375 1303 2431 δέ
1327 2398 1408 2440 τις
1440 2374 1579 2431 α’λλα
1597 2373 1778 2447 ᾐρεῖθ’
1812 2373 1986 2446 ἡμῶν,

309 2456 456 2527 παρὰ
476 2457 649 2528 φύσιν
676 2455 744 2514 ἂν
766 2458 868 2530 τὴν
886 2467 987 2516 τοῦ
1015 2458 1239 2530 ἀληθῶς
1262 2461 1484 2526 αι”ρετοῦ
1505 2456 1815 2529 ἐλάμβανεν
1834 2455 1984 2512 ἄκων

308 2543 360 2605 ἐξ
380 2537 604 2611 ἆγνοίας
623 2538 660 2613 ἥ
678 2562 824 2606 τινος
842 2540 1084 2613 ἀνάγκης
1103 2539 1206 2597 οὐκ
1230 2540 1568 2611 εὐδαίμονος.

447 2626 615 2678 ΠΡΩ.
657 2622 837 2678 Ἔοικε
856 2629 999 2692 γοῦν
1014 2621 1183 2679 ταῦθ’
1207 2621 1382 2687 οὕτως
1402 2626 1555 2692 ἔχειν.

247 2716 279 2757 C
449 2708 573 2759 ΣΩ.
627 2701 720 2768 Ὡς
739 2704 840 2774 μὲν
853 2710 1044 2760 τοίνυν
1062 2706 1165 2776 τήν
1182 2727 1242 2775 γε
1260 2704 1508 2774 Φιλήβου
1522 2701 1661 2759 θεὸν
1680 2698 1748 2757 ού
1766 2704 1846 2756 δεῖ
1862 2704 1981 2755 δια-

306 2793 556 2841 νοεῖσθαι
575 2782 780 2841 ταύτὸν
800 2787 889 2840 καὶ
909 2784 1177 2856 τάγαθόν,
1201 2790 1405 2849 ἱκανῶς
1427 2787 1687 2854 εἰρῆσθαί
1701 2802 1792 2852 μοι
1811 2785 1974 2837 δοκεῖ.
