<?xml version="1.0" encoding="UTF-8"?>
<!DOCTYPE html PUBLIC "-//W3C//DTD XHTML 1.0 Transitional//EN"
    "http://www.w3.org/TR/xhtml1/DTD/xhtml1-transitional.dtd">
<html xmlns="http://www.w3.org/1999/xhtml" xml:lang="en" lang="en">
 <head>
  <title>
</title>
<meta http-equiv="Content-Type" content="text/html;charset=utf-8" />
  <meta name='ocr-system' content='tesseract 3.04.00' />
  <meta name='ocr-capabilities' content='ocr_page ocr_carea ocr_par ocr_line ocrx_word'/>
</head>
<body>
  <div class='ocr_page' id='page_1' title='image "./dialogisecumdumt02platuoft_0238.png"; bbox 0 0 2028 3198; ppageno 0'>
   <div class='ocr_carea' id='block_1_1' title="bbox 1890 0 2028 41">
    <p class='ocr_par' dir='ltr' id='par_1_1' title="bbox 1813 0 2028 41">
     <span class='ocr_line' id='line_1_1' title="bbox 1890 0 2028 41; baseline -0.005 -1.358"><span class='ocrx_word' id='word_1_1' title='bbox 1890 0 1949 41; x_wconf 58' lang='lat' dir='ltr'><strong><em>&#39;ze</em></strong></span> <span class='ocrx_word' id='word_1_2' title='bbox 1966 0 2028 41; x_wconf 50' lang='grc' dir='ltr'><strong>ἢ</strong></span> 
     </span>
    </p>
   </div>
   <div class='ocr_carea' id='block_1_2' title="bbox 264 121 2028 200">
    <p class='ocr_par' dir='ltr' id='par_1_2' title="bbox 264 121 2028 200">
     <span class='ocr_line' id='line_1_2' title="bbox 264 121 2028 200; baseline -0.002 -24"><span class='ocrx_word' id='word_1_3' title='bbox 264 122 368 176; x_wconf 80' lang='lat'><strong><em>208</em></strong></span> <span class='ocrx_word' id='word_1_4' title='bbox 869 123 1349 172; x_wconf 74' lang='grc' dir='ltr'><em>ΠΛΑΤΩΝΟΣ</em></span> <span class='ocrx_word' id='word_1_5' title='bbox 1894 135 1953 182; x_wconf 86' lang='lat'><strong><em>70</em></strong></span> <span class='ocrx_word' id='word_1_6' title='bbox 2017 121 2028 200; x_wconf 57' lang='grc' dir='ltr'><strong><em>ζ</em></strong></span> 
     </span>
    </p>
   </div>
   <div class='ocr_carea' id='block_1_3' title="bbox 152 252 2028 2855">
    <p class='ocr_par' dir='ltr' id='par_1_3' title="bbox 265 252 2028 580">
     <span class='ocr_line' id='line_1_3' title="bbox 265 252 2025 329; baseline 0.003 -14"><span class='ocrx_word' id='word_1_7' title='bbox 265 259 330 315; x_wconf 81' lang='grc' dir='ltr'><strong><em>εὐ</em></strong></span> <span class='ocrx_word' id='word_1_8' title='bbox 359 252 740 328; x_wconf 81' lang='grc' dir='ltr'><strong><em>φρονήσαντες</em></strong></span> <span class='ocrx_word' id='word_1_9' title='bbox 767 261 938 309; x_wconf 85' lang='grc' dir='ltr'><strong><em>ταῦτα</em></strong></span> <span class='ocrx_word' id='word_1_10' title='bbox 971 261 1152 320; x_wconf 87' lang='grc' dir='ltr'><strong><em>καλῶς</em></strong></span> <span class='ocrx_word' id='word_1_11' title='bbox 1189 259 1330 326; x_wconf 82' lang='grc' dir='ltr'><strong><em>ἔχειν</em></strong></span> <span class='ocrx_word' id='word_1_12' title='bbox 1366 254 1666 328; x_wconf 80' lang='grc' dir='ltr'><em>ἡγήσαιντο</em></span> <span class='ocrx_word' id='word_1_13' title='bbox 1710 262 1834 329; x_wconf 86' lang='grc' dir='ltr'><strong><em>περὶ</em></strong></span> <span class='ocrx_word' id='word_1_14' title='bbox 1871 256 1952 318; x_wconf 75' lang='grc' dir='ltr'><strong><em>ὦν</em></strong></span> <span class='ocrx_word' id='word_1_15' title='bbox 2017 315 2025 327; x_wconf 62' lang='grc'><strong><em>,,</em></strong></span> 
     </span>
     <span class='ocr_line' id='line_1_4' title="bbox 267 336 2028 412; baseline 0.004 -18"><span class='ocrx_word' id='word_1_16' title='bbox 267 339 413 394; x_wconf 80' lang='grc' dir='ltr'><strong><em>οὕτω</em></strong></span> <span class='ocrx_word' id='word_1_17' title='bbox 451 341 785 407; x_wconf 81' lang='grc' dir='ltr'><em>διακείμενοι</em></span> <span class='ocrx_word' id='word_1_18' title='bbox 821 336 1151 406; x_wconf 77' lang='grc' dir='ltr'><strong><em>βούλονται;</em></strong></span> <span class='ocrx_word' id='word_1_19' title='bbox 1185 339 1276 393; x_wconf 87' lang='grc' dir='ltr'><strong><em>καὶ</em></strong></span> <span class='ocrx_word' id='word_1_20' title='bbox 1315 339 1419 409; x_wconf 75' lang='grc' dir='ltr'><strong><em>μὲν</em></strong></span> <span class='ocrx_word' id='word_1_21' title='bbox 1448 339 1516 410; x_wconf 88' lang='grc' dir='ltr'><strong><em>δὴ</em></strong></span> <span class='ocrx_word' id='word_1_22' title='bbox 1548 344 1599 396; x_wconf 88' lang='grc' dir='ltr'><strong><em>εἰ</em></strong></span> <span class='ocrx_word' id='word_1_23' title='bbox 1623 340 1725 412; x_wconf 76' lang='grc' dir='ltr'><strong><em>μὲν</em></strong></span> <span class='ocrx_word' id='word_1_24' title='bbox 1753 344 1812 398; x_wconf 85' lang='grc' dir='ltr'><strong><em>ἐκ</em></strong></span> <span class='ocrx_word' id='word_1_25' title='bbox 1841 352 1952 400; x_wconf 88' lang='grc' dir='ltr'><strong><em>τῶν</em></strong></span> <span class='ocrx_word' id='word_1_26' title='bbox 2025 400 2028 401; x_wconf 15' lang='lat'><em>⁷</em></span> 
     </span>
     <span class='ocr_line' id='line_1_5' title="bbox 267 413 2028 495; baseline 0.003 -19"><span class='ocrx_word' id='word_1_27' title='bbox 267 420 526 489; x_wconf 81' lang='grc' dir='ltr'><strong><em>ἐρῶντων</em></strong></span> <span class='ocrx_word' id='word_1_28' title='bbox 544 416 644 473; x_wconf 85' lang='grc' dir='ltr'><strong><em>τὸν</em></strong></span> <span class='ocrx_word' id='word_1_29' title='bbox 662 421 948 488; x_wconf 88' lang='grc' dir='ltr'><strong><em>βέλτιστον</em></strong></span> <span class='ocrx_word' id='word_1_30' title='bbox 967 421 1145 487; x_wconf 81' lang='grc' dir='ltr'><strong><em>αι”ροῑο</em></strong></span> <span class='ocrx_word' id='word_1_31' title='bbox 1159 461 1175 488; x_wconf 87' lang='grc'><strong><em>,</em></strong></span> <span class='ocrx_word' id='word_1_32' title='bbox 1199 422 1252 485; x_wconf 83' lang='grc' dir='ltr'><strong><em>ἐξ</em></strong></span> <span class='ocrx_word' id='word_1_33' title='bbox 1272 417 1479 490; x_wconf 82' lang='grc' dir='ltr'><strong><em>ὀλίγων</em></strong></span> <span class='ocrx_word' id='word_1_34' title='bbox 1498 420 1571 477; x_wconf 80' lang='grc' dir='ltr'><strong><em>ὅῖν</em></strong></span> <span class='ocrx_word' id='word_1_35' title='bbox 1591 438 1680 478; x_wconf 90' lang='grc' dir='ltr'><strong><em>σοι</em></strong></span> <span class='ocrx_word' id='word_1_36' title='bbox 1698 421 1731 495; x_wconf 81' lang='grc' dir='ltr'><em>ἡ</em></span> <span class='ocrx_word' id='word_1_37' title='bbox 1752 418 1952 492; x_wconf 80' lang='grc' dir='ltr'><strong><em>ἔκλεξις</em></strong></span> <span class='ocrx_word' id='word_1_38' title='bbox 2020 413 2028 456; x_wconf 61' lang='lat'><strong><em>¹⁷</em></strong></span> 
     </span>
     <span class='ocr_line' id='line_1_6' title="bbox 267 462 2028 580; baseline 0.004 -23"><span class='ocrx_word' id='word_1_39' title='bbox 267 509 375 572; x_wconf 76' lang='grc' dir='ltr'><strong><em>εἴη·</em></strong></span> <span class='ocrx_word' id='word_1_40' title='bbox 416 503 467 554; x_wconf 91' lang='grc' dir='ltr'><strong><em>εἰ</em></strong></span> <span class='ocrx_word' id='word_1_41' title='bbox 501 497 550 554; x_wconf 84' lang='grc' dir='ltr'><strong><em>δ’</em></strong></span> <span class='ocrx_word' id='word_1_42' title='bbox 592 501 652 554; x_wconf 90' lang='grc' dir='ltr'><strong><em>ἐκ</em></strong></span> <span class='ocrx_word' id='word_1_43' title='bbox 688 505 803 554; x_wconf 88' lang='grc' dir='ltr'><strong><em>τῶν</em></strong></span> <span class='ocrx_word' id='word_1_44' title='bbox 830 497 1016 555; x_wconf 79' lang='grc' dir='ltr'><strong><em>ἄλλων</em></strong></span> <span class='ocrx_word' id='word_1_45' title='bbox 1042 499 1142 557; x_wconf 87' lang='grc' dir='ltr'><strong><em>τὸν</em></strong></span> <span class='ocrx_word' id='word_1_46' title='bbox 1170 508 1356 576; x_wconf 78' lang='grc' dir='ltr'><strong><em>σαυτῷ</em></strong></span> <span class='ocrx_word' id='word_1_47' title='bbox 1387 504 1852 575; x_wconf 82' lang='grc' dir='ltr'><strong><em>ἐπιτηδειότατον,</em></strong></span> <span class='ocrx_word' id='word_1_48' title='bbox 1892 509 1949 563; x_wconf 90' lang='grc' dir='ltr'><strong><em>ἐκ</em></strong></span> <span class='ocrx_word' id='word_1_49' title='bbox 2019 462 2028 580; x_wconf 62' lang='grc' dir='ltr'>Ξ</span> 
     </span>
    </p>

    <p class='ocr_par' dir='ltr' id='par_1_4' title="bbox 203 578 2028 660">
     <span class='ocr_line' id='line_1_7' title="bbox 203 578 2028 660; baseline 0.004 -22"><span class='ocrx_word' id='word_1_50' title='bbox 203 598 235 638; x_wconf 86' lang='grc' dir='ltr'>Ε</span> <span class='ocrx_word' id='word_1_51' title='bbox 267 587 517 638; x_wconf 87' lang='grc' dir='ltr'><strong><em>πολλῶν·</em></strong></span> <span class='ocrx_word' id='word_1_52' title='bbox 556 578 696 635; x_wconf 74' lang='grc' dir='ltr'><strong><em>ὥστε</em></strong></span> <span class='ocrx_word' id='word_1_53' title='bbox 727 580 872 636; x_wconf 84' lang='grc' dir='ltr'><strong><em>πολὺ</em></strong></span> <span class='ocrx_word' id='word_1_54' title='bbox 903 587 1109 637; x_wconf 88' lang='grc' dir='ltr'><strong><em>πλείων</em></strong></span> <span class='ocrx_word' id='word_1_55' title='bbox 1138 585 1288 649; x_wconf 87' lang='grc' dir='ltr'><strong><em>ἐλπὶς</em></strong></span> <span class='ocrx_word' id='word_1_56' title='bbox 1316 587 1376 639; x_wconf 87' lang='grc' dir='ltr'><strong><em>ἐν</em></strong></span> <span class='ocrx_word' id='word_1_57' title='bbox 1412 597 1527 651; x_wconf 79' lang='grc' dir='ltr'><strong><em>τοῖς</em></strong></span> <span class='ocrx_word' id='word_1_58' title='bbox 1560 595 1783 653; x_wconf 81' lang='grc' dir='ltr'><strong><em>πολλοῖς</em></strong></span> <span class='ocrx_word' id='word_1_59' title='bbox 1819 586 1955 644; x_wconf 86' lang='grc' dir='ltr'><strong><em>ὅντα</em></strong></span> <span class='ocrx_word' id='word_1_60' title='bbox 2016 595 2028 660; x_wconf 71' lang='grc' dir='ltr'>ξ</span> 
     </span>
    </p>

    <p class='ocr_par' dir='ltr' id='par_1_5' title="bbox 265 659 2028 735">
     <span class='ocr_line' id='line_1_8' title="bbox 265 659 1198 735; baseline -0.001 -15"><span class='ocrx_word' id='word_1_61' title='bbox 265 675 452 735; x_wconf 81' lang='grc' dir='ltr'><strong><em>τυχεῖν</em></strong></span> <span class='ocrx_word' id='word_1_62' title='bbox 470 659 571 718; x_wconf 84' lang='grc' dir='ltr'><strong><em>τὸν</em></strong></span> <span class='ocrx_word' id='word_1_63' title='bbox 593 660 749 728; x_wconf 79' lang='grc' dir='ltr'><strong><em>ἄξιον</em></strong></span> <span class='ocrx_word' id='word_1_64' title='bbox 768 669 864 733; x_wconf 84' lang='grc' dir='ltr'><strong><em>τῆς</em></strong></span> <span class='ocrx_word' id='word_1_65' title='bbox 883 670 982 733; x_wconf 84' lang='grc' dir='ltr'><strong><em>σῆς</em></strong></span> <span class='ocrx_word' id='word_1_66' title='bbox 999 667 1198 734; x_wconf 88' lang='grc' dir='ltr'><strong><em>φιλίας.</em></strong></span> 
     </span>
    </p>

    <p class='ocr_par' dir='ltr' id='par_1_6' title="bbox 407 743 2028 821">
     <span class='ocr_line' id='line_1_9' title="bbox 407 743 1950 821; baseline 0.002 -19"><span class='ocrx_word' id='word_1_67' title='bbox 407 751 518 802; x_wconf 89' lang='lat' dir='ltr'>VII.</span> <span class='ocrx_word' id='word_1_68' title='bbox 575 749 648 801; x_wconf 91' lang='grc' dir='ltr'><strong><em>Εἰ</em></strong></span> <span class='ocrx_word' id='word_1_69' title='bbox 660 751 855 800; x_wconf 88' lang='grc' dir='ltr'><strong><em>τοίνυν</em></strong></span> <span class='ocrx_word' id='word_1_70' title='bbox 870 743 969 800; x_wconf 84' lang='grc' dir='ltr'><strong><em>τὸν</em></strong></span> <span class='ocrx_word' id='word_1_71' title='bbox 986 745 1161 820; x_wconf 88' lang='grc' dir='ltr'><strong><em>νόμον</em></strong></span> <span class='ocrx_word' id='word_1_72' title='bbox 1175 745 1275 802; x_wconf 86' lang='grc' dir='ltr'><strong><em>τὸν</em></strong></span> <span class='ocrx_word' id='word_1_73' title='bbox 1289 748 1670 819; x_wconf 79' lang='grc' dir='ltr'><strong><em>καθεστηκότα</em></strong></span> <span class='ocrx_word' id='word_1_74' title='bbox 1687 753 1950 821; x_wconf 88' lang='grc' dir='ltr'><strong><em>δέδοικας,</em></strong></span> 
     </span>
    </p>

    <p class='ocr_par' dir='ltr' id='par_1_7' title="bbox 268 825 2028 901">
     <span class='ocr_line' id='line_1_10' title="bbox 268 825 2028 901; baseline 0.003 -19"><span class='ocrx_word' id='word_1_75' title='bbox 268 827 341 900; x_wconf 85' lang='grc' dir='ltr'><strong><em>μὴ</em></strong></span> <span class='ocrx_word' id='word_1_76' title='bbox 362 831 704 899; x_wconf 79' lang='grc' dir='ltr'><strong><em>πυθομένων</em></strong></span> <span class='ocrx_word' id='word_1_77' title='bbox 723 834 838 883; x_wconf 87' lang='grc' dir='ltr'><strong><em>τῶν</em></strong></span> <span class='ocrx_word' id='word_1_78' title='bbox 855 825 1181 898; x_wconf 76' lang='grc' dir='ltr'><strong><em>ἀνθρώπων</em></strong></span> <span class='ocrx_word' id='word_1_79' title='bbox 1200 828 1414 893; x_wconf 86' lang='grc' dir='ltr'><strong><em>ὄνειδός</em></strong></span> <span class='ocrx_word' id='word_1_80' title='bbox 1433 846 1521 884; x_wconf 88' lang='grc' dir='ltr'><strong><em>σοι</em></strong></span> <span class='ocrx_word' id='word_1_81' title='bbox 1538 833 1786 901; x_wconf 89' lang='grc' dir='ltr'><strong><em>γένηται,</em></strong></span> <span class='ocrx_word' id='word_1_82' title='bbox 1811 833 1953 895; x_wconf 88' lang='grc' dir='ltr'><strong><em>εἰκός</em></strong></span> <span class='ocrx_word' id='word_1_83' title='bbox 2024 856 2028 865; x_wconf 78' lang='grc'><em>“</em></span> 
     </span>
    </p>

    <p class='ocr_par' dir='ltr' id='par_1_8' title="bbox 152 906 2028 1308">
     <span class='ocr_line' id='line_1_11' title="bbox 152 906 1955 980; baseline -0.001 -11"><span class='ocrx_word' id='word_1_84' title='bbox 152 926 237 970; x_wconf 80' lang='lat'><strong><em>232</em></strong></span> <span class='ocrx_word' id='word_1_85' title='bbox 269 913 382 966; x_wconf 89' lang='grc' dir='ltr'><strong><em>ἐστι</em></strong></span> <span class='ocrx_word' id='word_1_86' title='bbox 409 909 540 973; x_wconf 80' lang='grc' dir='ltr'><strong><em>τοὺς</em></strong></span> <span class='ocrx_word' id='word_1_87' title='bbox 566 909 667 980; x_wconf 76' lang='grc' dir='ltr'><strong><em>μὲν</em></strong></span> <span class='ocrx_word' id='word_1_88' title='bbox 694 912 962 980; x_wconf 87' lang='grc' dir='ltr'><strong><em>ἐρῶντας,</em></strong></span> <span class='ocrx_word' id='word_1_89' title='bbox 1002 907 1178 974; x_wconf 79' lang='grc' dir='ltr'><strong><em>οὕτως</em></strong></span> <span class='ocrx_word' id='word_1_90' title='bbox 1196 906 1269 964; x_wconf 69' lang='grc' dir='ltr'><strong><em>ἂν</em></strong></span> <span class='ocrx_word' id='word_1_91' title='bbox 1292 914 1580 980; x_wconf 82' lang='grc' dir='ltr'><strong><em>οἰομένους</em></strong></span> <span class='ocrx_word' id='word_1_92' title='bbox 1598 913 1690 967; x_wconf 88' lang='grc' dir='ltr'><strong><em>καὶ</em></strong></span> <span class='ocrx_word' id='word_1_93' title='bbox 1713 909 1822 968; x_wconf 85' lang='grc' dir='ltr'><strong><em>ὑπὸ</em></strong></span> <span class='ocrx_word' id='word_1_94' title='bbox 1843 918 1955 968; x_wconf 87' lang='grc' dir='ltr'><strong><em>τῶν</em></strong></span> 
     </span>
     <span class='ocr_line' id='line_1_12' title="bbox 269 988 1955 1063; baseline -0.001 -16"><span class='ocrx_word' id='word_1_95' title='bbox 269 992 455 1047; x_wconf 80' lang='grc' dir='ltr'><strong><em>ἄλλων</em></strong></span> <span class='ocrx_word' id='word_1_96' title='bbox 484 996 792 1062; x_wconf 81' lang='grc' dir='ltr'><strong><em>ζηλοῦσθαι</em></strong></span> <span class='ocrx_word' id='word_1_97' title='bbox 823 990 1007 1060; x_wconf 76' lang='grc' dir='ltr'><strong><em>ὥσπερ</em></strong></span> <span class='ocrx_word' id='word_1_98' title='bbox 1039 989 1245 1056; x_wconf 78' lang='grc' dir='ltr'><strong><em>αὐτοὺς</em></strong></span> <span class='ocrx_word' id='word_1_99' title='bbox 1265 988 1368 1061; x_wconf 83' lang='grc' dir='ltr'><strong><em>ὑφ’</em></strong></span> <span class='ocrx_word' id='word_1_100' title='bbox 1391 990 1605 1062; x_wconf 78' lang='grc' dir='ltr'><strong><em>αὐτῶν,</em></strong></span> <span class='ocrx_word' id='word_1_101' title='bbox 1642 996 1955 1063; x_wconf 82' lang='grc' dir='ltr'><strong><em>ἐπαρθῆναι</em></strong></span> 
     </span>
     <span class='ocr_line' id='line_1_13' title="bbox 267 1073 1952 1143; baseline -0.001 -14"><span class='ocrx_word' id='word_1_102' title='bbox 267 1073 328 1129; x_wconf 87' lang='grc' dir='ltr'><strong><em>τὸ</em></strong></span> <span class='ocrx_word' id='word_1_103' title='bbox 349 1075 530 1143; x_wconf 89' lang='grc' dir='ltr'><strong><em>λέγειν</em></strong></span> <span class='ocrx_word' id='word_1_104' title='bbox 550 1076 642 1128; x_wconf 84' lang='grc' dir='ltr'><strong><em>καὶ</em></strong></span> <span class='ocrx_word' id='word_1_105' title='bbox 663 1075 1160 1143; x_wconf 83' lang='grc' dir='ltr'><strong><em>φιλοτιμουμένους</em></strong></span> <span class='ocrx_word' id='word_1_106' title='bbox 1178 1075 1598 1129; x_wconf 81' lang='grc' dir='ltr'><strong><em>ἐπιδείκνυσθαι</em></strong></span> <span class='ocrx_word' id='word_1_107' title='bbox 1616 1073 1755 1141; x_wconf 84' lang='grc' dir='ltr'><strong><em>πρὸς</em></strong></span> <span class='ocrx_word' id='word_1_108' title='bbox 1773 1073 1952 1128; x_wconf 76' lang='grc' dir='ltr'><strong><em>ἅπαν-</em></strong></span> 
     </span>
     <span class='ocr_line' id='line_1_14' title="bbox 268 1153 1949 1225; baseline 0 -15"><span class='ocrx_word' id='word_1_109' title='bbox 268 1177 391 1224; x_wconf 86' lang='grc' dir='ltr'><strong><em>τας,</em></strong></span> <span class='ocrx_word' id='word_1_110' title='bbox 423 1154 508 1210; x_wconf 79' lang='grc' dir='ltr'><strong><em>ὅτι</em></strong></span> <span class='ocrx_word' id='word_1_111' title='bbox 538 1153 641 1210; x_wconf 82' lang='grc' dir='ltr'><strong><em>οὐκ</em></strong></span> <span class='ocrx_word' id='word_1_112' title='bbox 672 1154 849 1219; x_wconf 79' lang='grc' dir='ltr'><strong><em>ἄλλως</em></strong></span> <span class='ocrx_word' id='word_1_113' title='bbox 881 1153 1068 1219; x_wconf 82' lang='grc' dir='ltr'><strong><em>αὐτοῖς</em></strong></span> <span class='ocrx_word' id='word_1_114' title='bbox 1096 1155 1426 1225; x_wconf 88' lang='grc' dir='ltr'><strong><em>πεπόνηται·</em></strong></span> <span class='ocrx_word' id='word_1_115' title='bbox 1458 1153 1590 1219; x_wconf 79' lang='grc' dir='ltr'><strong><em>τοὺς</em></strong></span> <span class='ocrx_word' id='word_1_116' title='bbox 1608 1155 1666 1210; x_wconf 76' lang='grc' dir='ltr'><strong><em>δὲ</em></strong></span> <span class='ocrx_word' id='word_1_117' title='bbox 1686 1153 1758 1225; x_wconf 85' lang='grc' dir='ltr'><strong><em>μὴ</em></strong></span> <span class='ocrx_word' id='word_1_118' title='bbox 1782 1158 1949 1225; x_wconf 83' lang='grc' dir='ltr'><strong><em>ἐρῶν-</em></strong></span> 
     </span>
     <span class='ocr_line' id='line_1_15' title="bbox 266 1234 1954 1308; baseline -0.001 -16"><span class='ocrx_word' id='word_1_119' title='bbox 266 1257 391 1306; x_wconf 87' lang='grc' dir='ltr'><strong><em>τας,</em></strong></span> <span class='ocrx_word' id='word_1_120' title='bbox 429 1242 710 1308; x_wconf 85' lang='grc' dir='ltr'><strong><em>κρείττους</em></strong></span> <span class='ocrx_word' id='word_1_121' title='bbox 739 1234 926 1291; x_wconf 80' lang='grc' dir='ltr'><strong><em>αὐτῶν</em></strong></span> <span class='ocrx_word' id='word_1_122' title='bbox 955 1235 1144 1306; x_wconf 78' lang='grc' dir='ltr'><strong><em>ὄντας,</em></strong></span> <span class='ocrx_word' id='word_1_123' title='bbox 1181 1234 1242 1291; x_wconf 85' lang='grc' dir='ltr'><strong><em>τὸ</em></strong></span> <span class='ocrx_word' id='word_1_124' title='bbox 1271 1239 1556 1307; x_wconf 89' lang='grc' dir='ltr'><strong><em>βέλτιστον</em></strong></span> <span class='ocrx_word' id='word_1_125' title='bbox 1582 1235 1705 1292; x_wconf 76' lang='grc' dir='ltr'><strong><em>ἀντὶ</em></strong></span> <span class='ocrx_word' id='word_1_126' title='bbox 1732 1240 1826 1307; x_wconf 83' lang='grc' dir='ltr'><strong><em>τῆς</em></strong></span> <span class='ocrx_word' id='word_1_127' title='bbox 1856 1238 1954 1291; x_wconf 89' lang='grc' dir='ltr'><strong><em>δό-</em></strong></span> 
     </span>
    </p>

    <p class='ocr_par' dir='ltr' id='par_1_9' title="bbox 267 1315 2028 1551">
     <span class='ocr_line' id='line_1_16' title="bbox 267 1315 2028 1389; baseline -0.001 -16"><span class='ocrx_word' id='word_1_128' title='bbox 267 1324 360 1389; x_wconf 81' lang='grc' dir='ltr'><strong><em>ξης</em></strong></span> <span class='ocrx_word' id='word_1_129' title='bbox 387 1324 483 1389; x_wconf 82' lang='grc' dir='ltr'><strong><em>τῆς</em></strong></span> <span class='ocrx_word' id='word_1_130' title='bbox 512 1315 661 1386; x_wconf 80' lang='grc' dir='ltr'><strong><em>παρὰ</em></strong></span> <span class='ocrx_word' id='word_1_131' title='bbox 688 1324 802 1373; x_wconf 90' lang='grc' dir='ltr'><strong><em>τῶν</em></strong></span> <span class='ocrx_word' id='word_1_132' title='bbox 829 1316 1152 1387; x_wconf 77' lang='grc' dir='ltr'><strong><em>ἀνθρώπων</em></strong></span> <span class='ocrx_word' id='word_1_133' title='bbox 1182 1321 1472 1386; x_wconf 74' lang='grc' dir='ltr'><strong><em>αἱρεῖσθαι.</em></strong></span> <span class='ocrx_word' id='word_1_134' title='bbox 1531 1321 1608 1373; x_wconf 81' lang='grc' dir='ltr'><strong><em>ἔτι</em></strong></span> <span class='ocrx_word' id='word_1_135' title='bbox 1628 1317 1688 1374; x_wconf 76' lang='grc' dir='ltr'><strong><em>δὲ</em></strong></span> <span class='ocrx_word' id='word_1_136' title='bbox 1705 1318 1835 1383; x_wconf 78' lang='grc' dir='ltr'><strong><em>τοὺς</em></strong></span> <span class='ocrx_word' id='word_1_137' title='bbox 1854 1318 1952 1388; x_wconf 77' lang='grc' dir='ltr'><strong><em>μὲν</em></strong></span> <span class='ocrx_word' id='word_1_138' title='bbox 2024 1327 2028 1330; x_wconf 87' lang='grc'><strong>’</strong></span> 
     </span>
     <span class='ocr_line' id='line_1_17' title="bbox 268 1396 1954 1470; baseline -0.001 -16"><span class='ocrx_word' id='word_1_139' title='bbox 268 1403 508 1468; x_wconf 80' lang='grc' dir='ltr'><strong><em>ἐρῶντας</em></strong></span> <span class='ocrx_word' id='word_1_140' title='bbox 544 1396 786 1463; x_wconf 76' lang='grc' dir='ltr'><strong><em>πολλοὺς</em></strong></span> <span class='ocrx_word' id='word_1_141' title='bbox 821 1399 1036 1470; x_wconf 78' lang='grc' dir='ltr'><strong><em>ἀνάγκη</em></strong></span> <span class='ocrx_word' id='word_1_142' title='bbox 1068 1403 1355 1454; x_wconf 79' lang='grc' dir='ltr'><strong><em>πυθέσθαι</em></strong></span> <span class='ocrx_word' id='word_1_143' title='bbox 1383 1401 1475 1454; x_wconf 84' lang='grc' dir='ltr'><strong><em>καὶ</em></strong></span> <span class='ocrx_word' id='word_1_144' title='bbox 1512 1403 1675 1467; x_wconf 82' lang='grc' dir='ltr'><strong><em>ἰδεῖν,</em></strong></span> <span class='ocrx_word' id='word_1_145' title='bbox 1714 1398 1954 1455; x_wconf 83' lang='grc' dir='ltr'><strong><em>άκολου-</em></strong></span> 
     </span>
     <span class='ocr_line' id='line_1_18' title="bbox 267 1483 1950 1551; baseline 0 -16"><span class='ocrx_word' id='word_1_146' title='bbox 267 1486 515 1545; x_wconf 79' lang='grc' dir='ltr'><strong><em>θοῦντας</em></strong></span> <span class='ocrx_word' id='word_1_147' title='bbox 553 1493 665 1545; x_wconf 78' lang='grc' dir='ltr'><strong><em>τοῖς</em></strong></span> <span class='ocrx_word' id='word_1_148' title='bbox 702 1483 994 1551; x_wconf 83' lang='grc' dir='ltr'><strong><em>ἐρωμένοις</em></strong></span> <span class='ocrx_word' id='word_1_149' title='bbox 1028 1484 1119 1535; x_wconf 85' lang='grc' dir='ltr'><strong><em>καὶ</em></strong></span> <span class='ocrx_word' id='word_1_150' title='bbox 1157 1485 1322 1551; x_wconf 83' lang='grc' dir='ltr'><strong><em>ἔργον</em></strong></span> <span class='ocrx_word' id='word_1_151' title='bbox 1361 1487 1524 1535; x_wconf 79' lang='grc' dir='ltr'><strong><em>τοῦτο</em></strong></span> <span class='ocrx_word' id='word_1_152' title='bbox 1569 1484 1950 1551; x_wconf 80' lang='grc' dir='ltr'><strong><em>ποιουμένους,</em></strong></span> 
     </span>
    </p>

    <p class='ocr_par' dir='ltr' id='par_1_10' title="bbox 207 1559 2028 2204">
     <span class='ocr_line' id='line_1_19' title="bbox 207 1559 2028 1634; baseline -0.001 -17"><span class='ocrx_word' id='word_1_153' title='bbox 207 1579 237 1617; x_wconf 81' lang='grc' dir='ltr'>Β</span> <span class='ocrx_word' id='word_1_154' title='bbox 274 1561 412 1618; x_wconf 71' lang='grc' dir='ltr'><strong><em>ὥστε</em></strong></span> <span class='ocrx_word' id='word_1_155' title='bbox 441 1560 577 1617; x_wconf 78' lang='grc' dir='ltr'><strong><em>ὅταν</em></strong></span> <span class='ocrx_word' id='word_1_156' title='bbox 609 1559 836 1632; x_wconf 84' lang='grc' dir='ltr'><strong><em>ὀφθῶσι</em></strong></span> <span class='ocrx_word' id='word_1_157' title='bbox 871 1563 1252 1633; x_wconf 87' lang='grc' dir='ltr'><strong><em>διαλεγόμενοι</em></strong></span> <span class='ocrx_word' id='word_1_158' title='bbox 1278 1561 1559 1634; x_wconf 79' lang='grc' dir='ltr'><strong><em>ἀλλήλοις,</em></strong></span> <span class='ocrx_word' id='word_1_159' title='bbox 1598 1562 1721 1616; x_wconf 91' lang='grc' dir='ltr'><strong><em>τότε</em></strong></span> <span class='ocrx_word' id='word_1_160' title='bbox 1751 1561 1954 1627; x_wconf 79' lang='grc' dir='ltr'><strong><em>αὐτοὺς</em></strong></span> <span class='ocrx_word' id='word_1_161' title='bbox 2025 1591 2028 1609; x_wconf 86' lang='lat'>=</span> 
     </span>
     <span class='ocr_line' id='line_1_20' title="bbox 270 1640 1955 1715; baseline -0.001 -16"><span class='ocrx_word' id='word_1_162' title='bbox 270 1652 482 1700; x_wconf 75' lang='grc' dir='ltr'><strong><em>οἴονται</em></strong></span> <span class='ocrx_word' id='word_1_163' title='bbox 510 1640 550 1715; x_wconf 76' lang='grc' dir='ltr'><strong><em>ἦ</em></strong></span> <span class='ocrx_word' id='word_1_164' title='bbox 575 1645 944 1715; x_wconf 86' lang='grc' dir='ltr'><strong><em>γεγενημένης</em></strong></span> <span class='ocrx_word' id='word_1_165' title='bbox 968 1641 1005 1715; x_wconf 78' lang='grc' dir='ltr'><em>ἢ</em></span> <span class='ocrx_word' id='word_1_166' title='bbox 1035 1645 1345 1715; x_wconf 85' lang='grc' dir='ltr'><strong><em>μελλούσης</em></strong></span> <span class='ocrx_word' id='word_1_167' title='bbox 1373 1649 1600 1700; x_wconf 80' lang='grc' dir='ltr'><strong><em>ἔσεσθαι</em></strong></span> <span class='ocrx_word' id='word_1_168' title='bbox 1628 1650 1724 1715; x_wconf 82' lang='grc' dir='ltr'><strong><em>τῆς</em></strong></span> <span class='ocrx_word' id='word_1_169' title='bbox 1755 1647 1955 1700; x_wconf 77' lang='grc' dir='ltr'><strong><em>ἐπιθυ-</em></strong></span> 
     </span>
     <span class='ocr_line' id='line_1_21' title="bbox 271 1723 2028 1797; baseline 0.001 -18"><span class='ocrx_word' id='word_1_170' title='bbox 271 1731 395 1795; x_wconf 90' lang='grc' dir='ltr'><strong><em>μίας</em></strong></span> <span class='ocrx_word' id='word_1_171' title='bbox 426 1737 707 1781; x_wconf 85' lang='grc' dir='ltr'><strong><em>συνεῖναι·</em></strong></span> <span class='ocrx_word' id='word_1_172' title='bbox 743 1725 875 1791; x_wconf 77' lang='grc' dir='ltr'><strong><em>τοὺς</em></strong></span> <span class='ocrx_word' id='word_1_173' title='bbox 903 1727 962 1782; x_wconf 76' lang='grc' dir='ltr'><strong><em>δὲ</em></strong></span> <span class='ocrx_word' id='word_1_174' title='bbox 993 1725 1066 1797; x_wconf 81' lang='grc' dir='ltr'><strong><em>μὴ</em></strong></span> <span class='ocrx_word' id='word_1_175' title='bbox 1107 1730 1346 1797; x_wconf 86' lang='grc' dir='ltr'><strong><em>ἐρῶντας</em></strong></span> <span class='ocrx_word' id='word_1_176' title='bbox 1382 1723 1507 1783; x_wconf 83' lang='grc' dir='ltr'><strong><em>οὐδ’</em></strong></span> <span class='ocrx_word' id='word_1_177' title='bbox 1545 1732 1825 1782; x_wconf 78' lang='grc' dir='ltr'><strong><em>αἰτιᾶσθαι</em></strong></span> <span class='ocrx_word' id='word_1_178' title='bbox 1865 1725 1952 1780; x_wconf 77' lang='grc' dir='ltr'><strong><em>διὰ</em></strong></span> <span class='ocrx_word' id='word_1_179' title='bbox 2019 1725 2028 1768; x_wconf 66' lang='grc' dir='ltr'><strong><em>’ἕ</em></strong></span> 
     </span>
     <span class='ocr_line' id='line_1_22' title="bbox 269 1769 2028 1895; baseline 0.002 -35"><span class='ocrx_word' id='word_1_180' title='bbox 269 1805 372 1876; x_wconf 80' lang='grc' dir='ltr'><strong><em>τὴν</em></strong></span> <span class='ocrx_word' id='word_1_181' title='bbox 393 1813 701 1863; x_wconf 85' lang='grc' dir='ltr'><strong><em>συνουσίαν</em></strong></span> <span class='ocrx_word' id='word_1_182' title='bbox 723 1811 1121 1879; x_wconf 86' lang='grc' dir='ltr'><strong><em>ἐπιχειροῦσιν,</em></strong></span> <span class='ocrx_word' id='word_1_183' title='bbox 1153 1808 1359 1874; x_wconf 88' lang='grc' dir='ltr'><strong><em>εἰδότες</em></strong></span> <span class='ocrx_word' id='word_1_184' title='bbox 1378 1808 1462 1865; x_wconf 82' lang='grc' dir='ltr'><strong><em>ὅτι</em></strong></span> <span class='ocrx_word' id='word_1_185' title='bbox 1482 1807 1790 1880; x_wconf 77' lang='grc' dir='ltr'><strong><em>ἀναγκαῖόν</em></strong></span> <span class='ocrx_word' id='word_1_186' title='bbox 1810 1811 1955 1864; x_wconf 80' lang='grc' dir='ltr'><strong><em>ἐστιν</em></strong></span> <span class='ocrx_word' id='word_1_187' title='bbox 2018 1769 2028 1895; x_wconf 56' lang='lat' dir='ltr'>l</span> 
     </span>
     <span class='ocr_line' id='line_1_23' title="bbox 270 1884 2028 2027; baseline 0.002 -85"><span class='ocrx_word' id='word_1_188' title='bbox 270 1884 306 1957; x_wconf 76' lang='grc' dir='ltr'><strong><em>ἦ</em></strong></span> <span class='ocrx_word' id='word_1_189' title='bbox 326 1886 416 1942; x_wconf 79' lang='grc' dir='ltr'><strong><em>δια</em></strong></span> <span class='ocrx_word' id='word_1_190' title='bbox 438 1894 631 1958; x_wconf 89' lang='grc' dir='ltr'><strong><em>φιλίαν</em></strong></span> <span class='ocrx_word' id='word_1_191' title='bbox 648 1911 723 1963; x_wconf 75' lang='grc' dir='ltr'><strong><em>τῳ</em></strong></span> <span class='ocrx_word' id='word_1_192' title='bbox 746 1893 1099 1959; x_wconf 79' lang='grc' dir='ltr'><strong><em>διαλέγεσθαι</em></strong></span> <span class='ocrx_word' id='word_1_193' title='bbox 1116 1887 1153 1960; x_wconf 76' lang='grc' dir='ltr'><strong><em>ἦ</em></strong></span> <span class='ocrx_word' id='word_1_194' title='bbox 1173 1888 1245 1944; x_wconf 91' lang='grc' dir='ltr'><strong><em>δι’</em></strong></span> <span class='ocrx_word' id='word_1_195' title='bbox 1269 1890 1443 1960; x_wconf 76' lang='grc' dir='ltr'><strong><em>ἄλλην</em></strong></span> <span class='ocrx_word' id='word_1_196' title='bbox 1462 1889 1584 1946; x_wconf 79' lang='grc' dir='ltr'><strong><em>τινα</em></strong></span> <span class='ocrx_word' id='word_1_197' title='bbox 1603 1889 1828 1961; x_wconf 82' lang='grc' dir='ltr'><strong><em>ἡδονήν.</em></strong></span> <span class='ocrx_word' id='word_1_198' title='bbox 1865 1891 1955 1945; x_wconf 87' lang='grc' dir='ltr'><strong><em>καὶ</em></strong></span> <span class='ocrx_word' id='word_1_199' title='bbox 2007 1894 2028 2027; x_wconf 59' lang='lat'>1</span> 
     </span>
     <span class='ocr_line' id='line_1_24' title="bbox 269 1969 2025 2044; baseline 0 -20"><span class='ocrx_word' id='word_1_200' title='bbox 269 1971 371 2039; x_wconf 81' lang='grc' dir='ltr'><strong><em>μὲν</em></strong></span> <span class='ocrx_word' id='word_1_201' title='bbox 401 1971 467 2040; x_wconf 81' lang='grc' dir='ltr'><strong><em>δὴ</em></strong></span> <span class='ocrx_word' id='word_1_202' title='bbox 499 1978 551 2025; x_wconf 76' lang='grc' dir='ltr'><strong><em>εἴ</em></strong></span> <span class='ocrx_word' id='word_1_203' title='bbox 575 1986 663 2025; x_wconf 91' lang='grc' dir='ltr'><strong><em>σοι</em></strong></span> <span class='ocrx_word' id='word_1_204' title='bbox 694 1973 815 2034; x_wconf 91' lang='grc' dir='ltr'><strong><em>δέος</em></strong></span> <span class='ocrx_word' id='word_1_205' title='bbox 845 1973 1185 2040; x_wconf 86' lang='grc' dir='ltr'><strong><em>παρέστηκεν</em></strong></span> <span class='ocrx_word' id='word_1_206' title='bbox 1215 1969 1507 2044; x_wconf 79' lang='grc' dir='ltr'><strong><em>ἡγουμένῳ</em></strong></span> <span class='ocrx_word' id='word_1_207' title='bbox 1538 1969 1780 2040; x_wconf 84' lang='grc' dir='ltr'><strong><em>χαλεπὸν</em></strong></span> <span class='ocrx_word' id='word_1_208' title='bbox 1810 1969 1950 2025; x_wconf 82' lang='grc' dir='ltr'><strong><em>εἶναι</em></strong></span> <span class='ocrx_word' id='word_1_209' title='bbox 2020 2015 2025 2039; x_wconf 52' lang='lat'><em>3</em></span> 
     </span>
     <span class='ocr_line' id='line_1_25' title="bbox 271 2051 1954 2124; baseline 0 -19"><span class='ocrx_word' id='word_1_210' title='bbox 271 2056 462 2121; x_wconf 87' lang='grc' dir='ltr'><strong><em>φιλίαν</em></strong></span> <span class='ocrx_word' id='word_1_211' title='bbox 480 2052 807 2122; x_wconf 89' lang='grc' dir='ltr'><strong><em>συμμένειν,</em></strong></span> <span class='ocrx_word' id='word_1_212' title='bbox 832 2054 922 2107; x_wconf 85' lang='grc' dir='ltr'><strong><em>καὶ</em></strong></span> <span class='ocrx_word' id='word_1_213' title='bbox 941 2051 1087 2124; x_wconf 77' lang='grc' dir='ltr'><strong><em>ἄλλῳ</em></strong></span> <span class='ocrx_word' id='word_1_214' title='bbox 1108 2054 1209 2122; x_wconf 80' lang='grc' dir='ltr'><strong><em>μὲν</em></strong></span> <span class='ocrx_word' id='word_1_215' title='bbox 1227 2053 1413 2123; x_wconf 77' lang='grc' dir='ltr'><strong><em>τρόπω</em></strong></span> <span class='ocrx_word' id='word_1_216' title='bbox 1437 2055 1708 2121; x_wconf 83' lang='grc' dir='ltr'><strong><em>διαφορᾶς</em></strong></span> <span class='ocrx_word' id='word_1_217' title='bbox 1724 2052 1954 2120; x_wconf 89' lang='grc' dir='ltr'><strong><em>γενομέ-</em></strong></span> 
     </span>
     <span class='ocr_line' id='line_1_26' title="bbox 268 2131 2026 2204; baseline -0.001 -17"><span class='ocrx_word' id='word_1_218' title='bbox 268 2155 368 2202; x_wconf 91' lang='grc' dir='ltr'><strong><em>νης</em></strong></span> <span class='ocrx_word' id='word_1_219' title='bbox 385 2131 582 2204; x_wconf 80' lang='grc' dir='ltr'><strong><em>κοινὴν</em></strong></span> <span class='ocrx_word' id='word_1_220' title='bbox 601 2131 931 2204; x_wconf 75' lang='grc' dir='ltr'><strong><em>ἀμφοτέροις</em></strong></span> <span class='ocrx_word' id='word_1_221' title='bbox 948 2139 1279 2204; x_wconf 83' lang='grc' dir='ltr'><strong><em>καταστῆναι</em></strong></span> <span class='ocrx_word' id='word_1_222' title='bbox 1298 2132 1401 2203; x_wconf 81' lang='grc' dir='ltr'><strong><em>τὴν</em></strong></span> <span class='ocrx_word' id='word_1_223' title='bbox 1420 2133 1746 2203; x_wconf 90' lang='grc' dir='ltr'><strong><em>συμφοράν,</em></strong></span> <span class='ocrx_word' id='word_1_224' title='bbox 1786 2151 1950 2200; x_wconf 86' lang='grc' dir='ltr'><strong><em>προε-</em></strong></span> <span class='ocrx_word' id='word_1_225' title='bbox 2023 2151 2026 2202; x_wconf 72' lang='lat' dir='ltr'>j</span> 
     </span>
    </p>

    <p class='ocr_par' dir='ltr' id='par_1_11' title="bbox 210 2212 2028 2855">
     <span class='ocr_line' id='line_1_27' title="bbox 210 2212 2028 2285; baseline 0.001 -21"><span class='ocrx_word' id='word_1_226' title='bbox 210 2223 239 2264; x_wconf 84' lang='lat' dir='ltr'>C</span> <span class='ocrx_word' id='word_1_227' title='bbox 271 2216 444 2284; x_wconf 89' lang='grc' dir='ltr'><strong><em>μένου</em></strong></span> <span class='ocrx_word' id='word_1_228' title='bbox 477 2217 541 2269; x_wconf 88' lang='grc' dir='ltr'><strong><em>δέ</em></strong></span> <span class='ocrx_word' id='word_1_229' title='bbox 568 2231 673 2270; x_wconf 92' lang='grc' dir='ltr'><strong><em>σου</em></strong></span> <span class='ocrx_word' id='word_1_230' title='bbox 702 2212 738 2269; x_wconf 77' lang='grc' dir='ltr'><em>ὁὶ</em></span> <span class='ocrx_word' id='word_1_231' title='bbox 770 2216 894 2285; x_wconf 85' lang='grc' dir='ltr'><strong><em>περὶ</em></strong></span> <span class='ocrx_word' id='word_1_232' title='bbox 920 2220 1179 2270; x_wconf 88' lang='grc' dir='ltr'><strong><em>πλείστου</em></strong></span> <span class='ocrx_word' id='word_1_233' title='bbox 1197 2225 1345 2269; x_wconf 83' lang='grc' dir='ltr'><strong><em>ποιεῖ</em></strong></span> <span class='ocrx_word' id='word_1_234' title='bbox 1361 2214 1606 2284; x_wconf 81' lang='grc' dir='ltr'><strong><em>μεγάλην</em></strong></span> <span class='ocrx_word' id='word_1_235' title='bbox 1623 2212 1695 2268; x_wconf 76' lang='grc' dir='ltr'><strong><em>ἄν</em></strong></span> <span class='ocrx_word' id='word_1_236' title='bbox 1715 2229 1800 2267; x_wconf 90' lang='grc' dir='ltr'><strong><em>σοι</em></strong></span> <span class='ocrx_word' id='word_1_237' title='bbox 1818 2213 1953 2283; x_wconf 87' lang='grc' dir='ltr'><strong><em>βλά-</em></strong></span> <span class='ocrx_word' id='word_1_238' title='bbox 2022 2222 2028 2256; x_wconf 17' lang='grc' dir='ltr'><strong><em>ῑη</em></strong></span> 
     </span>
     <span class='ocr_line' id='line_1_28' title="bbox 270 2290 1952 2367; baseline -0.001 -17"><span class='ocrx_word' id='word_1_239' title='bbox 270 2301 381 2366; x_wconf 89' lang='grc' dir='ltr'><strong><em>βην</em></strong></span> <span class='ocrx_word' id='word_1_240' title='bbox 408 2299 698 2366; x_wconf 83' lang='grc' dir='ltr'><strong><em>γενέσθαι,</em></strong></span> <span class='ocrx_word' id='word_1_241' title='bbox 737 2296 960 2362; x_wconf 83' lang='grc' dir='ltr'><strong><em>εἰκότως</em></strong></span> <span class='ocrx_word' id='word_1_242' title='bbox 989 2292 1060 2352; x_wconf 71' lang='grc' dir='ltr'><strong><em>ἄν</em></strong></span> <span class='ocrx_word' id='word_1_243' title='bbox 1090 2294 1220 2361; x_wconf 79' lang='grc' dir='ltr'><strong><em>τοὺς</em></strong></span> <span class='ocrx_word' id='word_1_244' title='bbox 1249 2299 1488 2367; x_wconf 86' lang='grc' dir='ltr'><strong><em>ἐρῶντας</em></strong></span> <span class='ocrx_word' id='word_1_245' title='bbox 1520 2302 1732 2367; x_wconf 83' lang='grc' dir='ltr'><strong><em>μᾶλλον</em></strong></span> <span class='ocrx_word' id='word_1_246' title='bbox 1757 2290 1828 2349; x_wconf 74' lang='grc' dir='ltr'><strong><em>ἄν</em></strong></span> <span class='ocrx_word' id='word_1_247' title='bbox 1847 2316 1952 2364; x_wconf 84' lang='grc' dir='ltr'><strong><em>φο-</em></strong></span> 
     </span>
     <span class='ocr_line' id='line_1_29' title="bbox 269 2374 1949 2449; baseline -0.001 -18"><span class='ocrx_word' id='word_1_248' title='bbox 269 2383 389 2447; x_wconf 81' lang='grc' dir='ltr'><strong><em>βοϊο</em></strong></span> <span class='ocrx_word' id='word_1_249' title='bbox 407 2398 418 2408; x_wconf 93' lang='grc'><strong><em>·</em></strong></span> <span class='ocrx_word' id='word_1_250' title='bbox 453 2377 630 2434; x_wconf 69' lang='grc' dir='ltr'><strong><em>πολλοὶ</em></strong></span> <span class='ocrx_word' id='word_1_251' title='bbox 650 2378 756 2449; x_wconf 80' lang='grc' dir='ltr'><strong><em>γὰρ</em></strong></span> <span class='ocrx_word' id='word_1_252' title='bbox 779 2376 982 2441; x_wconf 74' lang='grc' dir='ltr'><strong><em>αὐτούς</em></strong></span> <span class='ocrx_word' id='word_1_253' title='bbox 1002 2381 1115 2433; x_wconf 90' lang='grc' dir='ltr'><strong><em>ἐστι</em></strong></span> <span class='ocrx_word' id='word_1_254' title='bbox 1133 2377 1199 2433; x_wconf 80' lang='grc' dir='ltr'><strong><em>τὰ</em></strong></span> <span class='ocrx_word' id='word_1_255' title='bbox 1219 2383 1533 2449; x_wconf 82' lang='grc' dir='ltr'><strong><em>λυποῦντα,</em></strong></span> <span class='ocrx_word' id='word_1_256' title='bbox 1570 2379 1663 2432; x_wconf 87' lang='grc' dir='ltr'><strong><em>καὶ</em></strong></span> <span class='ocrx_word' id='word_1_257' title='bbox 1682 2374 1845 2431; x_wconf 85' lang='grc' dir='ltr'><strong><em>πάντ’</em></strong></span> <span class='ocrx_word' id='word_1_258' title='bbox 1866 2375 1949 2430; x_wconf 76' lang='grc' dir='ltr'><strong><em>ε’πῖ</em></strong></span> 
     </span>
     <span class='ocr_line' id='line_1_30' title="bbox 270 2456 2008 2533; baseline -0.001 -21"><span class='ocrx_word' id='word_1_259' title='bbox 270 2464 334 2529; x_wconf 84' lang='grc' dir='ltr'><strong><em>τῇ</em></strong></span> <span class='ocrx_word' id='word_1_260' title='bbox 373 2457 561 2514; x_wconf 81' lang='grc' dir='ltr'><strong><em>αὐτῶν</em></strong></span> <span class='ocrx_word' id='word_1_261' title='bbox 597 2460 776 2533; x_wconf 78' lang='grc' dir='ltr'><strong><em>βλάβῃ</em></strong></span> <span class='ocrx_word' id='word_1_262' title='bbox 816 2466 1098 2532; x_wconf 83' lang='grc' dir='ltr'><strong><em>νομίζουσι</em></strong></span> <span class='ocrx_word' id='word_1_263' title='bbox 1132 2465 1439 2531; x_wconf 81' lang='grc' dir='ltr'><strong><em>γίγνεσθαι.</em></strong></span> <span class='ocrx_word' id='word_1_264' title='bbox 1505 2459 1696 2530; x_wconf 87' lang='grc' dir='ltr'><strong><em>διόπερ</em></strong></span> <span class='ocrx_word' id='word_1_265' title='bbox 1733 2456 1951 2521; x_wconf 74' lang='grc' dir='ltr'><strong><em>καὶτὰς</em></strong></span> <span class='ocrx_word' id='word_1_266' title='bbox 2004 2476 2008 2478; x_wconf 69' lang='grc'>’</span> 
     </span>
     <span class='ocr_line' id='line_1_31' title="bbox 269 2538 2014 2613; baseline 0 -19"><span class='ocrx_word' id='word_1_267' title='bbox 269 2538 408 2609; x_wconf 78' lang='grc' dir='ltr'><strong><em>πρὸς</em></strong></span> <span class='ocrx_word' id='word_1_268' title='bbox 425 2539 556 2606; x_wconf 78' lang='grc' dir='ltr'><strong><em>τούς</em></strong></span> <span class='ocrx_word' id='word_1_269' title='bbox 575 2541 779 2606; x_wconf 76' lang='grc' dir='ltr'><strong><em>ἄλλους</em></strong></span> <span class='ocrx_word' id='word_1_270' title='bbox 797 2548 911 2597; x_wconf 89' lang='grc' dir='ltr'><strong><em>τῶν</em></strong></span> <span class='ocrx_word' id='word_1_271' title='bbox 931 2544 1224 2613; x_wconf 85' lang='grc' dir='ltr'><strong><em>ἐρωμένων</em></strong></span> <span class='ocrx_word' id='word_1_272' title='bbox 1242 2547 1544 2607; x_wconf 79' lang='grc' dir='ltr'><strong><em>συνουσίας</em></strong></span> <span class='ocrx_word' id='word_1_273' title='bbox 1563 2539 1949 2610; x_wconf 80' lang='grc' dir='ltr'><strong><em>ἀποτρέπουσι,</em></strong></span> <span class='ocrx_word' id='word_1_274' title='bbox 2003 2555 2014 2594; x_wconf 82' lang='grc'><strong><em>’.</em></strong></span> 
     </span>
     <span class='ocr_line' id='line_1_32' title="bbox 270 2621 2013 2695; baseline 0.001 -19"><span class='ocrx_word' id='word_1_275' title='bbox 270 2621 614 2692; x_wconf 77' lang='grc' dir='ltr'><strong><em>φοβούμενοι</em></strong></span> <span class='ocrx_word' id='word_1_276' title='bbox 643 2621 775 2687; x_wconf 79' lang='grc' dir='ltr'><strong><em>τοὺς</em></strong></span> <span class='ocrx_word' id='word_1_277' title='bbox 807 2625 908 2693; x_wconf 78' lang='grc' dir='ltr'><strong><em>μὲν</em></strong></span> <span class='ocrx_word' id='word_1_278' title='bbox 929 2622 1128 2679; x_wconf 84' lang='grc' dir='ltr'><strong><em>οὐσίαν</em></strong></span> <span class='ocrx_word' id='word_1_279' title='bbox 1145 2626 1543 2695; x_wconf 82' lang='grc' dir='ltr'><strong><em>κεκτημένους,</em></strong></span> <span class='ocrx_word' id='word_1_280' title='bbox 1584 2623 1656 2693; x_wconf 79' lang='grc' dir='ltr'><strong><em>μὴ</em></strong></span> <span class='ocrx_word' id='word_1_281' title='bbox 1678 2621 1951 2692; x_wconf 86' lang='grc' dir='ltr'><strong><em>χρήμασιν</em></strong></span> <span class='ocrx_word' id='word_1_282' title='bbox 2006 2635 2013 2646; x_wconf 85' lang='lat'><strong><em>·&#39;</em></strong></span> 
     </span>
     <span class='ocr_line' id='line_1_33' title="bbox 270 2699 2011 2776; baseline 0.001 -20"><span class='ocrx_word' id='word_1_283' title='bbox 270 2701 476 2768; x_wconf 76' lang='grc' dir='ltr'><strong><em>αὐτοὺς</em></strong></span> <span class='ocrx_word' id='word_1_284' title='bbox 493 2702 931 2776; x_wconf 72' lang='grc' dir='ltr'><strong><em>ὑπερβάλωνται,</em></strong></span> <span class='ocrx_word' id='word_1_285' title='bbox 952 2703 1083 2770; x_wconf 69' lang='grc' dir='ltr'><strong><em>τοὺς</em></strong></span> <span class='ocrx_word' id='word_1_286' title='bbox 1103 2706 1161 2762; x_wconf 78' lang='grc' dir='ltr'><strong><em>δὲ</em></strong></span> <span class='ocrx_word' id='word_1_287' title='bbox 1180 2709 1665 2776; x_wconf 86' lang='grc' dir='ltr'><strong><em>πεπαιδευμένους,</em></strong></span> <span class='ocrx_word' id='word_1_288' title='bbox 1686 2702 1759 2774; x_wconf 82' lang='grc' dir='ltr'><strong><em>μὴ</em></strong></span> <span class='ocrx_word' id='word_1_289' title='bbox 1784 2706 1949 2759; x_wconf 71' lang='grc' dir='ltr'><strong><em>συνέ·</em></strong></span> <span class='ocrx_word' id='word_1_290' title='bbox 2010 2699 2011 2703; x_wconf 51' lang='grc'>’</span> 
     </span>
     <span class='ocr_line' id='line_1_34' title="bbox 270 2786 1947 2855; baseline 0.002 -18"><span class='ocrx_word' id='word_1_291' title='bbox 270 2798 351 2838; x_wconf 85' lang='grc' dir='ltr'><strong><em>σει</em></strong></span> <span class='ocrx_word' id='word_1_292' title='bbox 379 2791 661 2851; x_wconf 87' lang='grc' dir='ltr'><strong><em>κρείττους</em></strong></span> <span class='ocrx_word' id='word_1_293' title='bbox 678 2789 947 2855; x_wconf 83' lang='grc' dir='ltr'><strong><em>γένωνται</em></strong></span> <span class='ocrx_word' id='word_1_294' title='bbox 961 2809 971 2819; x_wconf 88' lang='grc'><em>·</em></span> <span class='ocrx_word' id='word_1_295' title='bbox 1011 2795 1123 2843; x_wconf 88' lang='grc' dir='ltr'><strong><em>τῶν</em></strong></span> <span class='ocrx_word' id='word_1_296' title='bbox 1145 2786 1192 2843; x_wconf 86' lang='grc' dir='ltr'><strong><em>δ’</em></strong></span> <span class='ocrx_word' id='word_1_297' title='bbox 1218 2787 1355 2844; x_wconf 75' lang='grc' dir='ltr'><strong><em>ἄλλο</em></strong></span> <span class='ocrx_word' id='word_1_298' title='bbox 1375 2810 1425 2841; x_wconf 90' lang='grc' dir='ltr'><strong><em>τι</em></strong></span> <span class='ocrx_word' id='word_1_299' title='bbox 1445 2789 1793 2855; x_wconf 84' lang='grc' dir='ltr'><strong><em>κεκτημένων</em></strong></span> <span class='ocrx_word' id='word_1_300' title='bbox 1812 2787 1947 2855; x_wconf 85' lang='grc' dir='ltr'><strong><em>άγα-</em></strong></span> 
     </span>
    </p>
   </div>
   <div class='ocr_carea' id='block_1_4' title="bbox 1993 2249 2028 3198">
    <p class='ocr_par' dir='ltr' id='par_1_12' title="bbox 1993 2249 2028 3198">
     <span class='ocr_line' id='line_1_35' title="bbox 1993 2249 2028 3198; baseline 0 0"><span class='ocrx_word' id='word_1_301' title='bbox 1993 2249 2028 3198; x_wconf 95' lang='lat' dir='ltr'><strong><em> </em></strong></span> 
     </span>
    </p>
   </div>
  </div>
 </body>
</html>
