2028 3198
277 135 377 187 192
880 136 1052 183 HAA
1069 134 1169 182 Tse
1182 133 1351 183 ΝοΣ
1686 100 1703 134 ⁵
1894 142 1951 187 54

277 263 387 325 ὦτα
425 277 641 340 οἴχομαι
679 268 935 339 φεύγων,
980 270 1074 322 ἵνα
1115 265 1188 337 μὴ
1236 262 1411 321 αὐτοῦ
1451 267 1766 338 καθήμενος
1801 269 1948 338 παρὰ

215 361 247 401 Β
274 351 450 422 τούτῳ
482 350 862 421 καταγηράσω.
904 350 1161 404 πέπονθα
1191 350 1249 403 δὲ
1275 345 1415 416 πρὸς
1433 354 1636 404 τοῦτον
1654 349 1829 419 μόνον
1848 349 1950 405 α’ν-
2021 418 2028 423 ἡ

273 431 550 501 θριόπων,
589 429 621 486 ὅ
650 429 754 487 οὐκ
785 430 857 485 ἄν
885 452 966 494 τις
994 437 1164 485 οἴοιτο
1184 431 1245 484 έν
1264 430 1381 500 ἐμοὶ
1400 431 1626 498 ἐνεῖναι,
1666 428 1726 485 τὰ
1758 431 1951 501 αἰσχύ-

272 519 471 567 νεσθαι
491 509 752 568 ὁντινοῦν
766 534 776 544 ·
819 510 925 581 ε’γώ
948 509 1004 566 δὲ
1023 516 1222 565 τοῦτον
1238 510 1413 580 μόνον
1435 511 1774 582 αἰσχύνομαι.
1818 514 1947 579 ξύν-

273 597 395 648 οιδα
425 591 530 663 γάρ
559 596 775 668 ε’μαυτςό
807 591 1111 662 ἀντιλέγειν
1129 595 1231 662 μὲν
1253 589 1322 647 οὐ
1345 594 1664 667 δυναμένῳ,
1688 592 1761 658 ὥς
1781 593 1850 649 οὐ
1871 598 1954 650 δεῖ

272 687 449 730 ποιεῖν
485 675 521 729 ὁὶ
556 669 719 740 οὗτος
757 675 996 745 κελεύει,
1036 673 1262 731 ἐπειδὰν
1292 678 1350 730 δὲ
1378 673 1630 745 ἀπέλθω,
1668 674 1949 750 ἡττημένῳ

269 762 364 826 τῆς
399 761 556 826 τιμῆς
598 762 694 827 τῆς
725 754 831 811 ὑπὸ
864 762 976 811 τῶν
1014 762 1250 811 πολλῶν.
1290 756 1607 825 δραπετεύω
1642 751 1748 812 οὖν
1781 756 1950 812 αὐτὸν

213 849 245 890 C
273 838 363 892 καὶ
394 836 613 907 φεύγω,
655 838 747 893 καὶ
779 835 915 892 ὅταν
943 841 1070 906 ἴδω,
1110 837 1439 908 αἰσχύνομαι
1456 838 1522 892 τὰ
1544 835 1948 908 ωμολογημένα.

270 919 362 973 καὶ
401 916 665 981 πολλάκις
703 940 805 988 μεν
833 913 1064 988 ἡδέως”
1029 939 1101 972 αν
1130 921 1299 988 ι”δοιμι
1329 914 1503 973 αὐτὸν
1509 915 1597 1015 μὴ
1620 916 1753 974 ὅντα
1773 921 1834 974 ἐν
1850 917 1951 973 ἀν-

269 999 545 1069 θρώποις·
577 1003 627 1053 εἰ
643 997 694 1053 δ’
719 1001 791 1053 αὐ
811 1004 974 1054 τοῦτο
996 1001 1237 1069 γένοιτο,
1271 992 1336 1054 εὖ
1361 997 1525 1054 οἶδα
1503 997 1588 1054 ότι
1609 997 1752 1055 πολὺ
1769 1004 1950 1069 μεῖζον

270 1077 342 1136 ἀν
361 1078 663 1151 ἀχθοίμην,
704 1079 840 1135 ω’στε
871 1078 975 1135 οὐκ
1006 1084 1108 1151 ἔχω
1135 1079 1169 1135 3
1187 1103 1238 1135 τι
1266 1080 1536 1150 χρήσομαι
1555 1080 1732 1153 τούτω
1752 1086 1826 1153 τῷ
1850 1080 1949 1135 ἀν-

268 1162 497 1235 θρώπῳ.

406 1248 630 1298 XXXIII.
700 1245 809 1297 Καὶ
843 1241 951 1299 ὑπὸ
991 1242 1091 1314 μὲν
1129 1241 1193 1314 δὴ
1225 1250 1338 1298 τῶν
1375 1242 1707 1314 αὐλημάτων
1736 1244 1824 1298 καὶ
1845 1242 1948 1313 ε’γώ

267 1326 357 1380 καὶ
388 1323 544 1381 ἄλλοι
572 1325 764 1380 πολλοὶ
793 1330 1017 1380 τοιαῦτα
1049 1324 1400 1380 πεπόνθασιν
1419 1322 1526 1379 ὑπὸ
1548 1327 1709 1379 τοῦδε
1728 1330 1830 1378 τοῦ
1849 1340 1948 1378 σα-

268 1407 442 1477 τύρου
458 1427 469 1438 ·
508 1404 647 1461 ἄλλα
672 1407 729 1461 δὲ
760 1409 896 1476 ἐμοῦ
914 1404 1186 1462 ἀκούσατε
1207 1404 1279 1471 ὥς
1297 1403 1486 1476 ὅμοιός
1503 1402 1551 1459 τ’
1576 1407 1721 1460 ἐστὶν
1740 1399 1820 1468 οἷς
1841 1403 1947 1475 ἐγώ
2012 1421 2028 1470 J

270 1494 462 1542 εἴκασα
484 1483 659 1541 αύτόν
678 1488 768 1541 καὶ
799 1484 902 1557 τὴν
924 1487 1164 1557 δύναμιν
1183 1484 1254 1552 ὡς
1274 1490 1596 1556 θαυμασίαν
1617 1489 1738 1555 ἔχει.
1760 1477 1824 1538 εὖ
1842 1484 1948 1554 γάρ

202 1583 234 1621 D
269 1575 382 1622 ἴστε
413 1565 498 1622 ὅτι
529 1564 710 1631 οὐδεὶς
729 1565 888 1637 ὑμῶν
908 1575 1107 1623 τοῦτον
1126 1567 1445 1665 γιγνώσκει·
1484 1562 1621 1620 ἀλλά
1644 1561 1746 1633 ἐγώ
1770 1564 1949 1634 δηλῶ-
2011 1566 2028 1586 ”’

268 1664 364 1718 σω,
385 1650 603 1719 ἐπείπερ
632 1646 901 1719 ἠρξάμην.
939 1649 1102 1717 ὁρᾶτε
1131 1648 1236 1719 γὰρ
1257 1647 1342 1704 ὅτι
1360 1645 1661 1717 Σωκράτης
1683 1648 1951 1716 ἐρωτικῶς
2006 1674 2015 1698 z

269 1728 536 1784 διάκειται
565 1735 679 1784 τῶν
709 1737 896 1785 καλῶν
927 1731 1017 1785 καὶ
1046 1728 1129 1785 ἀεὶ
1157 1731 1278 1798 περὶ
1300 1729 1533 1793 τούτους
1553 1729 1661 1783 ἐστὶ
1683 1729 1770 1782 καὶ
1790 1728 1950 1782 ἐκπέ-
2008 1787 2009 1790 ¹

266 1816 524 1879 πληκται,
568 1812 658 1866 καὶ
694 1804 767 1865 αὖ
804 1809 1000 1881 ἀγνοεῖ
1029 1811 1207 1866 πάντα
1243 1812 1333 1867 καὶ
1363 1809 1529 1865 οὐδὲν
1560 1807 1736 1879 οἶδεν,
1775 1805 1846 1871 ὡς
1886 1805 1946 1862 τὸ
2007 1866 2009 1869 ,

268 1896 446 1960 σχῆμα
466 1889 655 1946 αὐτοῦ.
678 1898 840 1946 τοῦτο
863 1890 931 1946 ού
951 1896 1303 1962 σειληνῶδες·
1291 1934 1304 1959 ,
1323 1891 1547 1961 σφόδρα
1560 1911 1636 1961 γε.
1660 1895 1821 1946 τοῦτο
1842 1910 1948 1959 γαρ
1994 1958 2006 1964 ⁷.

268 1964 432 2035 οὗτος
461 1976 671 2036 ἔξωθεν
701 1973 1108 2044 περιβέβληται,
1149 1970 1333 2042 ω’σπερ
1374 1969 1403 2026 ὁ
1428 1973 1817 2071 γεγλυμμένος
1835 1987 1949 2023 σει-

266 2050 459 2121 ληνός·
497 2054 733 2107 ἔνδοθεν
763 2055 821 2108 δὲ
841 2050 1115 2123 ἀνοιχθεὶς
1136 2053 1309 2124 πόσης
1333 2059 1521 2124 οἴεσθε
1555 2055 1731 2122 γέμει,
1772 2072 1811 2105 ω
1847 2048 1949 2104 ἄν-
2003 2054 2021 2066 ”

268 2135 393 2203 δρες
424 2133 726 2204 συμπόται,
766 2134 1159 2205 σωφροσύνης-ς
1198 2142 1311 2189 ἴστε
1351 2132 1435 2189 ὅτι
1478 2131 1596 2188 ούτ’
1641 2141 1695 2187 εἴ
1728 2154 1806 2196 τις
1844 2153 1945 2186 κα-

268 2214 362 2278 λός
392 2216 503 2270 ε’στι
533 2217 684 2285 μέλει
714 2215 865 2289 αὐτῷ
894 2215 1086 2285 οὐδέν,
1128 2214 1267 2271 ἀλλὰ
1300 2225 1642 2285 καταφρονεῖ
1674 2220 1944 2268 τοσοῦτον

206 2309 239 2349 Ε
271 2294 407 2350 ὅσον
445 2294 568 2350 οὐδ’
609 2292 679 2351 ἀν
717 2295 792 2361 εἷς
822 2302 1064 2368 οἰηθείη,
1105 2295 1226 2351 οὔτ’
1253 2304 1407 2360 εἴτις
1425 2293 1712 2365 πλούσιος,
1746 2291 1864 2348 οὔτ’
1900 2298 1951 2349 εἰ
2027 2329 2028 2353 ;

267 2377 440 2447 ἀλλην
459 2399 580 2431 τινα
603 2400 763 2449 τιμην
779 2382 917 2448 ἔχων
937 2385 1049 2433 τῶν
1067 2375 1176 2433 ὑπὸ
1200 2377 1452 2448 πλήθους
1471 2377 1944 2446 μακαριζομένων·

265 2455 474 2529 ἡγεῖται
511 2457 568 2512 δε
605 2460 785 2514 πάντα
829 2466 1001 2514 ταῦτα
1045 2458 1112 2514 τὰ
1150 2459 1394 2558 κτήματα
1432 2455 1662 2521 οὐδενὸς
1697 2457 1818 2523 ἄξια
1855 2455 1946 2508 καὶ

267 2537 409 2609 ἡμᾶς
438 2537 603 2594 οὐδεν
633 2539 797 2611 εἶναι,
838 2544 1015 2610 λέγων
1042 2564 1144 2611 μεν
1174 2540 1269 2611 οὕ,
1307 2538 1735 2609 εἰρωνευόμενος
1768 2537 1825 2590 δὲ
1855 2537 1946 2590 καὶ

270 2622 474 2684 παίζων
503 2619 683 2674 πάντα
713 2620 811 2676 τὸν
839 2628 965 2693 βίον
993 2621 1130 2692 πρὸς
1158 2620 1285 2685 τούς
1324 2619 1661 2690 ἀνθρώπους
1697 2621 1941 2673 διατελεῖ.
1992 2614 2011 2653 3·

271 2699 687 2766 σπουδάσαντος
715 2702 773 2758 δὲ
806 2701 980 2758 αὐτοῦ
1006 2704 1096 2759 καὶ
1125 2702 1478 2773 ἀνοιχθέντος
1506 2699 1609 2756 οὐκ
1640 2697 1761 2755 οἶδα
1793 2705 1844 2753 εἴ
1866 2720 1944 2762 τις
1989 2716 2009 2757 11

269 2782 477 2852 ἑώρακε
505 2781 571 2838 τὰ
601 2783 752 2848 ἐντὸς
772 2781 1082 2854 ἀγάλματα·
1124 2781 1243 2840 ἀλλ’
1269 2781 1374 2854 ἐγώ
1395 2781 1499 2853 ἤδη
1521 2778 1643 2835 ποτ’
1667 2778 1833 2848 εἶδον,
1853 2784 1948 2834 καί

2019 819 2028 872 -.ιι

2013 1224 2028 1415 ἕψημα-...μ
2022 1168 2028 1186 -.
2026 1138 2028 1141 .
2026 1058 2028 1063 .
